time,volume,price,buyer,seller
2019-02-01 17:29:57,5,54.1,Avanza Bank AB,Merrill Lynch Intl.
2019-02-01 17:29:57,50,54.1,Avanza Bank AB,Merrill Lynch Intl.
2019-02-01 17:29:57,1,54.1,Morgan Stanley &amp; Co. Intl. Ltd.,Merrill Lynch Intl.
2019-02-01 17:29:57,1,54.1,Goldman Sachs International,Morgan Stanley &amp; Co. Intl. Ltd.
2019-02-01 17:29:57,23,54.1,Goldman Sachs International,Instinet Europe Ltd.
2019-02-01 17:23:48,382,53.4,Merrill Lynch Intl.,Avanza Bank AB
2019-02-01 17:23:46,100,54.1,Avanza Bank AB,Goldman Sachs International
2019-02-01 17:23:24,5,54.1,Avanza Bank AB,Goldman Sachs International
2019-02-01 17:22:17,128,53.0,JP Morgan Securities Ltd.,Nordnet Bank AB
2019-02-01 17:22:16,18,53.0,Avanza Bank AB,Nordnet Bank AB
2019-02-01 17:22:16,10,53.0,Avanza Bank AB,Nordnet Bank AB
2019-02-01 17:22:04,16,53.1,Avanza Bank AB,Nordnet Bank AB
2019-02-01 17:21:55,20,53.1,Nordnet Bank AB,Nordnet Bank AB
2019-02-01 17:21:27,1,53.1,Avanza Bank AB,Nordnet Bank AB
2019-02-01 17:21:06,2146,53.2,Goldman Sachs International,Nordnet Bank AB
2019-02-01 17:21:06,23,53.2,Avanza Bank AB,Nordnet Bank AB
2019-02-01 17:20:39,10,53.2,Avanza Bank AB,Nordnet Bank AB
2019-02-01 17:20:12,49,53.3,Avanza Bank AB,Nordnet Bank AB
2019-02-01 17:19:45,151,53.3,Avanza Bank AB,Merrill Lynch Intl.
2019-02-01 17:19:45,2,53.3,Avanza Bank AB,Merrill Lynch Intl.
2019-02-01 17:19:45,3,53.3,Avanza Bank AB,Merrill Lynch Intl.
2019-02-01 17:19:43,375,53.5,Goldman Sachs International,Nordnet Bank AB
2019-02-01 17:19:43,156,53.5,Merrill Lynch Intl.,Nordnet Bank AB
2019-02-01 17:18:58,23,53.3,Avanza Bank AB,"Deutsche Bank AG, London Branch"
2019-02-01 17:18:58,70,53.3,Skandinaviska Enskilda Banken AB,"Deutsche Bank AG, London Branch"
2019-02-01 17:18:58,11,53.4,Avanza Bank AB,"Deutsche Bank AG, London Branch"
2019-02-01 17:18:58,327,53.6,Goldman Sachs International,"Deutsche Bank AG, London Branch"
2019-02-01 17:18:58,624,53.7,Merrill Lynch Intl.,"Deutsche Bank AG, London Branch"
2019-02-01 17:18:58,5,53.8,Avanza Bank AB,"Deutsche Bank AG, London Branch"
2019-02-01 17:18:58,540,53.8,Barclays Capital Securities Limited,"Deutsche Bank AG, London Branch"
2019-02-01 17:18:12,10,54.0,Nordnet Bank AB,JP Morgan Securities Ltd.
2019-02-01 17:17:56,2,54.0,Avanza Bank AB,Goldman Sachs International
2019-02-01 17:15:24,110,54.0,Skandinaviska Enskilda Banken AB,Goldman Sachs International
2019-02-01 17:14:54,10,54.0,Avanza Bank AB,Goldman Sachs International
2019-02-01 17:14:09,3,54.0,Avanza Bank AB,Merrill Lynch Intl.
2019-02-01 17:13:10,5,54.2,Avanza Bank AB,Goldman Sachs International
2019-02-01 17:12:42,800,53.8,Avanza Bank AB,Merrill Lynch Intl.
2019-02-01 17:11:01,530,53.6,UBS Limited,Avanza Bank AB
2019-02-01 17:11:00,455,53.6,Avanza Bank AB,Avanza Bank AB
2019-02-01 17:10:42,45,53.5,Avanza Bank AB,Avanza Bank AB
2019-02-01 17:10:19,5,53.5,Avanza Bank AB,Avanza Bank AB
2019-02-01 17:09:20,103,53.3,Skandinaviska Enskilda Banken AB,Nordnet Bank AB
2019-02-01 17:09:19,127,53.3,Skandinaviska Enskilda Banken AB,"Deutsche Bank AG, London Branch"
2019-02-01 17:08:37,150,53.5,Avanza Bank AB,Avanza Bank AB
2019-02-01 17:07:30,26,53.4,Avanza Bank AB,Avanza Bank AB
2019-02-01 17:04:35,4,53.6,Avanza Bank AB,Avanza Bank AB
2019-02-01 17:03:23,11,53.3,Avanza Bank AB,Merrill Lynch Intl.
2019-02-01 17:03:22,200,53.4,Swedbank AB,"Deutsche Bank AG, London Branch"
2019-02-01 17:03:14,60,53.6,Avanza Bank AB,Avanza Bank AB
2019-02-01 17:03:10,400,53.4,Swedbank AB,Avanza Bank AB
2019-02-01 17:02:48,253,53.6,Skandinaviska Enskilda Banken AB,Avanza Bank AB
2019-02-01 17:02:48,747,53.6,Skandinaviska Enskilda Banken AB,Nordnet Bank AB
2019-02-01 17:02:47,1,53.6,Avanza Bank AB,Avanza Bank AB
2019-02-01 17:02:08,7,53.6,Avanza Bank AB,Avanza Bank AB
2019-02-01 17:00:27,40,53.6,Avanza Bank AB,Avanza Bank AB
2019-02-01 16:58:35,90,53.6,Nordnet Bank AB,Nordnet Bank AB
2019-02-01 16:58:12,9,53.6,Avanza Bank AB,Nordnet Bank AB
2019-02-01 16:54:37,45,53.3,Barclays Capital Securities Limited,Avanza Bank AB
2019-02-01 16:54:00,5,53.5,Avanza Bank AB,Merrill Lynch Intl.
2019-02-01 16:53:29,3,53.6,Avanza Bank AB,Nordnet Bank AB
2019-02-01 16:50:45,50,53.6,Nordnet Bank AB,Nordnet Bank AB
2019-02-01 16:47:46,153,53.6,Skandinaviska Enskilda Banken AB,Goldman Sachs International
2019-02-01 16:47:46,447,53.6,Skandinaviska Enskilda Banken AB,Barclays Capital Securities Limited
2019-02-01 16:47:15,28,53.6,Nordnet Bank AB,Barclays Capital Securities Limited
2019-02-01 16:46:32,11,53.6,Avanza Bank AB,Barclays Capital Securities Limited
2019-02-01 16:45:17,9,53.6,Avanza Bank AB,Barclays Capital Securities Limited
2019-02-01 16:44:29,200,53.0,Goldman Sachs International,Avanza Bank AB
2019-02-01 16:44:29,100,53.0,Avanza Bank AB,Avanza Bank AB
2019-02-01 16:44:26,15,53.5,Avanza Bank AB,Barclays Capital Securities Limited
2019-02-01 16:43:30,8,53.5,Avanza Bank AB,Barclays Capital Securities Limited
2019-02-01 16:41:36,170,53.1,Merrill Lynch Intl.,Avanza Bank AB
2019-02-01 16:41:35,147,53.0,JP Morgan Securities Ltd.,Nordnet Bank AB
2019-02-01 16:41:31,84,53.0,Merrill Lynch Intl.,Nordnet Bank AB
2019-02-01 16:41:31,169,53.0,Goldman Sachs International,Nordnet Bank AB
2019-02-01 16:41:25,83,53.0,Goldman Sachs International,Nordnet Bank AB
2019-02-01 16:41:14,100,53.0,Goldman Sachs International,Avanza Bank AB
2019-02-01 16:41:14,100,53.0,Morgan Stanley &amp; Co. Intl. Ltd.,Avanza Bank AB
2019-02-01 16:40:39,1000,53.0,Goldman Sachs International,Avanza Bank AB
2019-02-01 16:40:39,224,53.0,Goldman Sachs International,Avanza Bank AB
2019-02-01 16:40:27,22,52.9,JP Morgan Securities Ltd.,Avanza Bank AB
2019-02-01 16:40:24,742,52.6,UBS Limited,Avanza Bank AB
2019-02-01 16:40:24,10,52.6,Avanza Bank AB,Avanza Bank AB
2019-02-01 16:40:24,248,52.7,Goldman Sachs International,Avanza Bank AB
2019-02-01 16:40:24,5,53.0,Nordea Bank AB (publ),Avanza Bank AB
2019-02-01 16:40:24,50,53.0,Avanza Bank AB,Avanza Bank AB
2019-02-01 16:40:24,21,53.0,Avanza Bank AB,Avanza Bank AB
2019-02-01 16:39:30,157,53.2,Goldman Sachs International,Avanza Bank AB
2019-02-01 16:38:43,239,53.2,JP Morgan Securities Ltd.,Avanza Bank AB
2019-02-01 16:38:36,310,53.2,Goldman Sachs International,Avanza Bank AB
2019-02-01 16:38:36,951,53.2,Avanza Bank AB,Avanza Bank AB
2019-02-01 16:37:07,399,53.2,Avanza Bank AB,Avanza Bank AB
2019-02-01 16:37:07,1,53.2,Avanza Bank AB,Avanza Bank AB
2019-02-01 16:36:35,49,53.4,Merrill Lynch Intl.,Avanza Bank AB
2019-02-01 16:36:35,1,53.2,Avanza Bank AB,SkandiaBanken AB
2019-02-01 16:36:35,11,53.3,Avanza Bank AB,SkandiaBanken AB
2019-02-01 16:36:35,10,53.3,Avanza Bank AB,SkandiaBanken AB
2019-02-01 16:36:35,568,53.4,Nordnet Bank AB,SkandiaBanken AB
2019-02-01 16:36:35,210,53.5,Goldman Sachs International,SkandiaBanken AB
2019-02-01 16:36:33,632,53.4,Nordnet Bank AB,Avanza Bank AB
2019-02-01 16:36:33,1,53.4,Avanza Bank AB,Avanza Bank AB
2019-02-01 16:36:33,11,53.5,Avanza Bank AB,Avanza Bank AB
2019-02-01 16:36:33,100,53.5,Avanza Bank AB,Avanza Bank AB
2019-02-01 16:36:33,56,53.5,Avanza Bank AB,Avanza Bank AB
2019-02-01 16:36:33,10,53.6,Avanza Bank AB,Avanza Bank AB
2019-02-01 16:36:33,186,53.6,Avanza Bank AB,Avanza Bank AB
2019-02-01 16:36:33,10,53.7,Morgan Stanley &amp; Co. Intl. Ltd.,Avanza Bank AB
2019-02-01 16:36:33,52,53.7,Nordnet Bank AB,Avanza Bank AB
2019-02-01 16:36:33,42,53.7,Avanza Bank AB,Avanza Bank AB
2019-02-01 16:36:23,11,53.8,Avanza Bank AB,Nordnet Bank AB
2019-02-01 16:35:20,1,53.7,Avanza Bank AB,Avanza Bank AB
2019-02-01 16:35:20,7,53.7,Avanza Bank AB,Avanza Bank AB
2019-02-01 16:35:20,11,53.7,Avanza Bank AB,Avanza Bank AB
2019-02-01 16:35:20,2,53.7,Avanza Bank AB,Avanza Bank AB
2019-02-01 16:35:20,39,53.7,Avanza Bank AB,Avanza Bank AB
2019-02-01 16:35:17,4,53.8,Avanza Bank AB,Nordnet Bank AB
2019-02-01 16:32:47,10,53.7,Nordnet Bank AB,Nordnet Bank AB
2019-02-01 16:29:07,27,53.8,Nordnet Bank AB,Nordnet Bank AB
2019-02-01 16:26:54,55,53.8,Avanza Bank AB,Nordnet Bank AB
2019-02-01 16:26:20,16,53.9,Avanza Bank AB,Barclays Capital Securities Limited
2019-02-01 16:26:04,9,53.8,Avanza Bank AB,Morgan Stanley &amp; Co. Intl. Ltd.
2019-02-01 16:26:04,41,53.8,Avanza Bank AB,"Deutsche Bank AG, London Branch"
2019-02-01 16:23:29,17,54.0,Avanza Bank AB,Nordnet Bank AB
2019-02-01 16:23:22,50,53.8,Avanza Bank AB,Avanza Bank AB
2019-02-01 16:20:27,470,54.0,UBS Limited,Morgan Stanley &amp; Co. Intl. Ltd.
2019-02-01 16:20:27,500,54.0,Nordnet Bank AB,Morgan Stanley &amp; Co. Intl. Ltd.
2019-02-01 16:16:02,78,54.1,Merrill Lynch Intl.,Avanza Bank AB
2019-02-01 16:16:02,11,54.1,Avanza Bank AB,Avanza Bank AB
2019-02-01 16:16:02,11,54.1,Avanza Bank AB,Avanza Bank AB
2019-02-01 16:10:49,1,54.1,Avanza Bank AB,Merrill Lynch Intl.
2019-02-01 16:10:06,1,54.1,Avanza Bank AB,Merrill Lynch Intl.
2019-02-01 16:08:22,73,54.1,Avanza Bank AB,Merrill Lynch Intl.
2019-02-01 16:08:22,19,54.1,Avanza Bank AB,Avanza Bank AB
2019-02-01 16:07:03,25,54.1,Nordnet Bank AB,Avanza Bank AB
2019-02-01 16:05:56,150,54.0,Merrill Lynch Intl.,Avanza Bank AB
2019-02-01 16:05:43,36,54.0,Avanza Bank AB,Avanza Bank AB
2019-02-01 16:04:20,17,53.7,Avanza Bank AB,Avanza Bank AB
2019-02-01 16:00:49,44,53.7,Avanza Bank AB,Avanza Bank AB
2019-02-01 16:00:34,25,53.8,Avanza Bank AB,Avanza Bank AB
2019-02-01 15:59:20,11,53.8,Avanza Bank AB,Avanza Bank AB
2019-02-01 15:59:11,11,53.8,Avanza Bank AB,Avanza Bank AB
2019-02-01 15:53:47,10,54.0,Avanza Bank AB,Avanza Bank AB
2019-02-01 15:49:10,4,54.0,Avanza Bank AB,Avanza Bank AB
2019-02-01 15:48:03,5,54.1,Avanza Bank AB,Avanza Bank AB
2019-02-01 15:47:43,44,54.0,Nordnet Bank AB,Merrill Lynch Intl.
2019-02-01 15:47:43,6,54.0,Nordnet Bank AB,Avanza Bank AB
2019-02-01 15:46:10,150,53.7,Nordnet Bank AB,Merrill Lynch Intl.
2019-02-01 15:46:04,1387,53.7,Nordnet Bank AB,Avanza Bank AB
2019-02-01 15:46:04,10,53.7,Avanza Bank AB,Avanza Bank AB
2019-02-01 15:46:04,2,53.7,Avanza Bank AB,Avanza Bank AB
2019-02-01 15:46:04,18,53.7,Avanza Bank AB,Avanza Bank AB
2019-02-01 15:46:04,13,53.7,Avanza Bank AB,Avanza Bank AB
2019-02-01 15:46:04,10,53.7,Avanza Bank AB,Avanza Bank AB
2019-02-01 15:45:27,10,54.0,Nordnet Bank AB,Avanza Bank AB
2019-02-01 15:43:51,50,54.0,Avanza Bank AB,Avanza Bank AB
2019-02-01 15:43:49,3563,53.7,Nordnet Bank AB,Nordnet Bank AB
2019-02-01 15:43:49,10,53.8,Avanza Bank AB,Nordnet Bank AB
2019-02-01 15:43:49,10,53.9,Avanza Bank AB,Nordnet Bank AB
2019-02-01 15:43:49,28,53.9,Avanza Bank AB,Nordnet Bank AB
2019-02-01 15:40:42,200,54.0,Avanza Bank AB,Avanza Bank AB
2019-02-01 15:36:08,100,54.0,Aktiesparinvest AB,Avanza Bank AB
2019-02-01 15:35:54,2,53.9,Avanza Bank AB,Avanza Bank AB
2019-02-01 15:32:49,1,54.1,Avanza Bank AB,Avanza Bank AB
2019-02-01 15:31:25,45,54.1,Avanza Bank AB,Avanza Bank AB
2019-02-01 15:30:20,20,54.1,Nordnet Bank AB,Avanza Bank AB
2019-02-01 15:28:13,3,54.1,Nordnet Bank AB,Avanza Bank AB
2019-02-01 15:26:04,39,53.8,Morgan Stanley &amp; Co. Intl. Ltd.,Merrill Lynch Intl.
2019-02-01 15:26:04,6,53.8,Morgan Stanley &amp; Co. Intl. Ltd.,Avanza Bank AB
2019-02-01 15:25:57,4,53.8,Nordnet Bank AB,Avanza Bank AB
2019-02-01 15:21:41,138,53.7,Nordnet Bank AB,Nordnet Bank AB
2019-02-01 15:21:41,3,53.8,Avanza Bank AB,Nordnet Bank AB
2019-02-01 15:21:41,400,53.9,Nordnet Bank AB,Nordnet Bank AB
2019-02-01 15:19:49,16,54.0,SkandiaBanken AB,Nordnet Bank AB
2019-02-01 15:19:49,43,54.0,Länsförsäkringar Bank AB,Nordnet Bank AB
2019-02-01 15:19:30,24,54.0,Länsförsäkringar Bank AB,Avanza Bank AB
2019-02-01 15:19:30,40,54.0,Avanza Bank AB,Avanza Bank AB
2019-02-01 15:19:30,33,54.0,Länsförsäkringar Bank AB,Avanza Bank AB
2019-02-01 15:19:30,12,54.0,Avanza Bank AB,Avanza Bank AB
2019-02-01 15:19:30,100,54.0,Avanza Bank AB,Avanza Bank AB
2019-02-01 15:19:30,4,54.0,Avanza Bank AB,Avanza Bank AB
2019-02-01 15:19:30,5,54.0,Avanza Bank AB,Avanza Bank AB
2019-02-01 15:19:30,2,54.0,Avanza Bank AB,Avanza Bank AB
2019-02-01 15:19:30,3,54.0,Avanza Bank AB,Avanza Bank AB
2019-02-01 15:19:30,17,54.0,Avanza Bank AB,Avanza Bank AB
2019-02-01 15:19:30,7,54.0,Avanza Bank AB,Avanza Bank AB
2019-02-01 15:19:30,1,54.0,Avanza Bank AB,Avanza Bank AB
2019-02-01 15:18:37,24,54.1,Goldman Sachs International,Avanza Bank AB
2019-02-01 15:18:37,25,54.1,Skandinaviska Enskilda Banken AB,Avanza Bank AB
2019-02-01 15:18:37,10,54.1,Avanza Bank AB,Avanza Bank AB
2019-02-01 15:18:22,1,54.5,Avanza Bank AB,Nordnet Bank AB
2019-02-01 15:18:22,5,54.3,Avanza Bank AB,Nordnet Bank AB
2019-02-01 15:09:25,2,54.5,Nordnet Bank AB,Nordnet Bank AB
2019-02-01 15:09:00,13,54.5,Nordea Bank AB (publ),Nordnet Bank AB
2019-02-01 15:06:33,2,54.1,Skandinaviska Enskilda Banken AB,Avanza Bank AB
2019-02-01 15:03:18,432,54.1,Skandinaviska Enskilda Banken AB,Avanza Bank AB
2019-02-01 15:03:18,150,54.1,Avanza Bank AB,Avanza Bank AB
2019-02-01 15:03:18,18,54.1,Avanza Bank AB,Avanza Bank AB
2019-02-01 15:03:18,400,54.3,Nordnet Bank AB,Avanza Bank AB
2019-02-01 14:59:46,1,54.5,Avanza Bank AB,Nordnet Bank AB
2019-02-01 14:58:34,2,54.5,Avanza Bank AB,Nordnet Bank AB
2019-02-01 14:57:39,10,54.5,Avanza Bank AB,Nordnet Bank AB
2019-02-01 14:48:41,30,54.5,Nordnet Bank AB,Nordnet Bank AB
2019-02-01 14:46:25,35,54.5,Avanza Bank AB,Nordnet Bank AB
2019-02-01 14:44:03,2,54.5,Avanza Bank AB,Nordnet Bank AB
2019-02-01 14:40:11,370,54.5,Svenska Handelsbanken AB,Nordnet Bank AB
2019-02-01 14:40:11,330,54.5,Svenska Handelsbanken AB,Avanza Bank AB
2019-02-01 14:38:45,1,54.5,Avanza Bank AB,Avanza Bank AB
2019-02-01 14:35:10,200,54.1,Skandinaviska Enskilda Banken AB,Avanza Bank AB
2019-02-01 14:32:31,75,54.5,Avanza Bank AB,Avanza Bank AB
2019-02-01 14:28:53,6,54.5,Avanza Bank AB,Avanza Bank AB
2019-02-01 14:27:47,75,54.2,Merrill Lynch Intl.,Avanza Bank AB
2019-02-01 14:27:42,68,54.2,Avanza Bank AB,Avanza Bank AB
2019-02-01 14:27:39,40,54.1,Skandinaviska Enskilda Banken AB,Avanza Bank AB
2019-02-01 14:27:05,180,54.1,Skandinaviska Enskilda Banken AB,Avanza Bank AB
2019-02-01 14:25:51,50,54.2,Avanza Bank AB,Avanza Bank AB
2019-02-01 14:25:31,2,54.2,Avanza Bank AB,Avanza Bank AB
2019-02-01 14:25:31,5,54.2,Avanza Bank AB,Avanza Bank AB
2019-02-01 14:23:49,6,54.2,Avanza Bank AB,Avanza Bank AB
2019-02-01 14:23:49,4,54.2,Avanza Bank AB,Avanza Bank AB
2019-02-01 14:23:26,1,54.5,Avanza Bank AB,Avanza Bank AB
2019-02-01 14:23:18,3,54.5,Avanza Bank AB,Avanza Bank AB
2019-02-01 14:21:09,365,54.3,Länsförsäkringar Bank AB,Nordnet Bank AB
2019-02-01 14:21:09,105,54.3,SkandiaBanken AB,Nordnet Bank AB
2019-02-01 14:21:09,25,54.4,Avanza Bank AB,Nordnet Bank AB
2019-02-01 14:21:09,102,54.4,Swedbank AB,Nordnet Bank AB
2019-02-01 14:21:09,326,54.4,Avanza Bank AB,Nordnet Bank AB
2019-02-01 14:21:04,40,54.4,Avanza Bank AB,Avanza Bank AB
2019-02-01 14:20:25,65,54.4,Avanza Bank AB,Avanza Bank AB
2019-02-01 14:19:30,2,54.4,Avanza Bank AB,Avanza Bank AB
2019-02-01 14:19:12,1,54.5,Avanza Bank AB,Avanza Bank AB
2019-02-01 14:16:11,23,54.4,Avanza Bank AB,Avanza Bank AB
2019-02-01 14:15:18,1,54.5,Avanza Bank AB,Avanza Bank AB
2019-02-01 14:15:05,1,54.5,Avanza Bank AB,Avanza Bank AB
2019-02-01 14:13:18,1,54.4,Avanza Bank AB,Avanza Bank AB
2019-02-01 14:11:02,4,54.5,Nordnet Bank AB,Avanza Bank AB
2019-02-01 14:10:51,50,54.5,Avanza Bank AB,Avanza Bank AB
2019-02-01 14:10:34,27,54.5,Avanza Bank AB,Avanza Bank AB
2019-02-01 14:07:32,23,54.5,Avanza Bank AB,Merrill Lynch Intl.
2019-02-01 14:06:59,5,54.5,Avanza Bank AB,Merrill Lynch Intl.
2019-02-01 14:06:53,5,54.5,Nordnet Bank AB,Merrill Lynch Intl.
2019-02-01 14:04:14,87,54.5,Avanza Bank AB,Merrill Lynch Intl.
2019-02-01 14:04:14,13,54.5,Avanza Bank AB,Nordnet Bank AB
2019-02-01 14:00:19,2,54.5,Avanza Bank AB,Nordnet Bank AB
2019-02-01 13:59:41,43,54.4,Avanza Bank AB,Avanza Bank AB
2019-02-01 13:59:41,7,54.4,Avanza Bank AB,Avanza Bank AB
2019-02-01 13:56:02,3,54.5,Avanza Bank AB,Nordnet Bank AB
2019-02-01 13:51:40,372,54.5,Merrill Lynch Intl.,Nordnet Bank AB
2019-02-01 13:51:40,10,54.5,Avanza Bank AB,Nordnet Bank AB
2019-02-01 13:46:26,11,54.4,Avanza Bank AB,Morgan Stanley &amp; Co. Intl. Ltd.
2019-02-01 13:44:55,9,54.8,Avanza Bank AB,Merrill Lynch Intl.
2019-02-01 13:43:27,1,54.8,Avanza Bank AB,Merrill Lynch Intl.
2019-02-01 13:43:02,8,54.8,Avanza Bank AB,Merrill Lynch Intl.
2019-02-01 13:42:23,3,54.8,Avanza Bank AB,Merrill Lynch Intl.
2019-02-01 13:42:03,10,54.8,Avanza Bank AB,Merrill Lynch Intl.
2019-02-01 13:39:50,160,54.8,Avanza Bank AB,Merrill Lynch Intl.
2019-02-01 13:39:50,22,54.8,Avanza Bank AB,Avanza Bank AB
2019-02-01 13:38:14,10,54.8,Nordnet Bank AB,Avanza Bank AB
2019-02-01 13:35:01,1,54.8,Nordnet Bank AB,Avanza Bank AB
2019-02-01 13:35:01,11,54.8,Nordnet Bank AB,Merrill Lynch Intl.
2019-02-01 13:23:52,17,54.8,Nordnet Bank AB,Avanza Bank AB
2019-02-01 13:18:40,3,54.8,Nordnet Bank AB,Merrill Lynch Intl.
2019-02-01 13:12:38,10,54.9,Avanza Bank AB,UBS Limited
2019-02-01 13:11:43,103,54.3,Merrill Lynch Intl.,Swedbank AB
2019-02-01 13:11:43,100,54.3,Avanza Bank AB,Swedbank AB
2019-02-01 13:11:43,100,54.3,Avanza Bank AB,Swedbank AB
2019-02-01 13:11:43,297,54.5,Barclays Capital Securities Limited,Swedbank AB
2019-02-01 13:01:49,5,55.0,Avanza Bank AB,Avanza Bank AB
2019-02-01 13:01:04,14,54.5,Barclays Capital Securities Limited,Avanza Bank AB
2019-02-01 12:59:26,228,54.5,Barclays Capital Securities Limited,SkandiaBanken AB
2019-02-01 12:59:26,10,54.5,Avanza Bank AB,SkandiaBanken AB
2019-02-01 12:59:26,25,54.5,Avanza Bank AB,SkandiaBanken AB
2019-02-01 12:56:54,3,54.7,Avanza Bank AB,SkandiaBanken AB
2019-02-01 12:56:48,10,54.7,Skandinaviska Enskilda Banken AB,SkandiaBanken AB
2019-02-01 12:56:48,10,54.7,Skandinaviska Enskilda Banken AB,SkandiaBanken AB
2019-02-01 12:56:48,10,54.7,Skandinaviska Enskilda Banken AB,SkandiaBanken AB
2019-02-01 12:54:09,29,55.0,Nordnet Bank AB,Svenska Handelsbanken AB
2019-02-01 12:46:45,3,55.0,Nordnet Bank AB,Svenska Handelsbanken AB
2019-02-01 12:42:42,12,54.5,Avanza Bank AB,Avanza Bank AB
2019-02-01 12:41:42,10,54.9,Avanza Bank AB,Goldman Sachs International
2019-02-01 12:40:16,410,54.4,Goldman Sachs International,Morgan Stanley &amp; Co. Intl. Ltd.
2019-02-01 12:40:16,10,54.4,Avanza Bank AB,Morgan Stanley &amp; Co. Intl. Ltd.
2019-02-01 12:40:16,25,54.4,Avanza Bank AB,Morgan Stanley &amp; Co. Intl. Ltd.
2019-02-01 12:39:06,1,54.9,Avanza Bank AB,Goldman Sachs International
2019-02-01 12:38:54,10,54.9,Nordnet Bank AB,Goldman Sachs International
2019-02-01 12:38:01,1,54.9,Nordnet Bank AB,Goldman Sachs International
2019-02-01 12:37:49,1,54.9,Nordnet Bank AB,Goldman Sachs International
2019-02-01 12:37:39,45,54.9,Avanza Bank AB,Merrill Lynch Intl.
2019-02-01 12:37:19,6,54.9,Avanza Bank AB,Merrill Lynch Intl.
2019-02-01 12:37:18,1,54.9,Nordnet Bank AB,Merrill Lynch Intl.
2019-02-01 12:35:07,12,55.0,Nordnet Bank AB,Svenska Handelsbanken AB
2019-02-01 12:34:55,2,55.0,Avanza Bank AB,Avanza Bank AB
2019-02-01 12:34:49,1,55.0,Avanza Bank AB,Avanza Bank AB
2019-02-01 12:30:20,42,55.0,Nordea Bank AB (publ),Svenska Handelsbanken AB
2019-02-01 12:28:34,236,54.9,Nordea Bank AB (publ),Merrill Lynch Intl.
2019-02-01 12:27:10,20,54.5,Barclays Capital Securities Limited,Nordnet Bank AB
2019-02-01 12:26:56,92,54.5,Barclays Capital Securities Limited,Avanza Bank AB
2019-02-01 12:26:56,2,54.5,DNB Bank ASA,Avanza Bank AB
2019-02-01 12:25:45,5,54.7,Avanza Bank AB,Avanza Bank AB
2019-02-01 12:25:00,86,54.7,Nordea Bank AB (publ),Avanza Bank AB
2019-02-01 12:24:01,15,54.7,Nordnet Bank AB,Avanza Bank AB
2019-02-01 12:22:33,574,54.9,Nordea Bank AB (publ),Merrill Lynch Intl.
2019-02-01 12:20:26,239,54.9,Nordea Bank AB (publ),Merrill Lynch Intl.
2019-02-01 12:20:26,504,54.9,Nordea Bank AB (publ),Swedbank AB
2019-02-01 12:19:29,2,54.9,Nordnet Bank AB,Swedbank AB
2019-02-01 12:18:19,25,54.9,Avanza Bank AB,Swedbank AB
2019-02-01 12:15:27,232,54.9,Avanza Bank AB,Swedbank AB
2019-02-01 12:11:12,10,54.9,Nordnet Bank AB,Swedbank AB
2019-02-01 12:09:38,5,54.9,Avanza Bank AB,Swedbank AB
2019-02-01 12:09:30,8,54.5,DNB Bank ASA,Avanza Bank AB
2019-02-01 12:09:13,1,54.9,Avanza Bank AB,Swedbank AB
2019-02-01 12:09:00,10,54.7,Avanza Bank AB,Morgan Stanley &amp; Co. Intl. Ltd.
2019-02-01 12:09:00,22,54.7,Goldman Sachs International,Morgan Stanley &amp; Co. Intl. Ltd.
2019-02-01 12:04:08,9,54.9,Avanza Bank AB,Swedbank AB
2019-02-01 11:59:18,126,54.9,Avanza Bank AB,Merrill Lynch Intl.
2019-02-01 11:59:18,374,54.9,Avanza Bank AB,Goldman Sachs International
2019-02-01 11:55:10,2,54.9,Avanza Bank AB,Goldman Sachs International
2019-02-01 11:53:11,85,54.9,Nordea Bank AB (publ),Merrill Lynch Intl.
2019-02-01 11:52:52,320,54.9,Nordea Bank AB (publ),Morgan Stanley &amp; Co. Intl. Ltd.
2019-02-01 11:52:39,208,54.9,Nordea Bank AB (publ),Avanza Bank AB
2019-02-01 11:51:58,10,54.9,Avanza Bank AB,Avanza Bank AB
2019-02-01 11:51:51,123,54.9,Avanza Bank AB,Avanza Bank AB
2019-02-01 11:51:37,3,54.7,Avanza Bank AB,Avanza Bank AB
2019-02-01 11:51:31,303,54.7,Avanza Bank AB,Avanza Bank AB
2019-02-01 11:51:15,71,54.5,Avanza Bank AB,Merrill Lynch Intl.
2019-02-01 11:48:39,2,54.5,Avanza Bank AB,Merrill Lynch Intl.
2019-02-01 11:47:32,46,54.4,JP Morgan Securities Ltd.,Nordea Bank AB (publ)
2019-02-01 11:45:44,6,54.5,Avanza Bank AB,Nordea Bank AB (publ)
2019-02-01 11:45:13,10,54.5,Avanza Bank AB,Nordea Bank AB (publ)
2019-02-01 11:43:45,121,54.1,Skandinaviska Enskilda Banken AB,Avanza Bank AB
2019-02-01 11:43:45,10,54.1,Avanza Bank AB,Avanza Bank AB
2019-02-01 11:43:45,58,54.3,Avanza Bank AB,Avanza Bank AB
2019-02-01 11:43:45,10,54.3,Avanza Bank AB,Avanza Bank AB
2019-02-01 11:43:45,30,54.3,Avanza Bank AB,Avanza Bank AB
2019-02-01 11:43:45,11,54.3,Avanza Bank AB,Avanza Bank AB
2019-02-01 11:43:45,30,54.4,Avanza Bank AB,Avanza Bank AB
2019-02-01 11:43:45,1,54.4,Avanza Bank AB,Avanza Bank AB
2019-02-01 11:43:15,10,54.5,Avanza Bank AB,Nordea Bank AB (publ)
2019-02-01 11:43:15,11,54.5,Avanza Bank AB,Nordea Bank AB (publ)
2019-02-01 11:43:15,2,54.5,Avanza Bank AB,Nordea Bank AB (publ)
2019-02-01 11:43:15,1,54.5,Avanza Bank AB,Nordea Bank AB (publ)
2019-02-01 11:43:15,4,54.5,Avanza Bank AB,Nordea Bank AB (publ)
2019-02-01 11:43:15,6,54.5,Avanza Bank AB,Nordea Bank AB (publ)
2019-02-01 11:43:15,73,54.5,Avanza Bank AB,Nordea Bank AB (publ)
2019-02-01 11:43:15,10,54.5,Avanza Bank AB,Nordea Bank AB (publ)
2019-02-01 11:43:15,18,54.5,Avanza Bank AB,Nordea Bank AB (publ)
2019-02-01 11:43:15,2,54.5,Avanza Bank AB,Nordea Bank AB (publ)
2019-02-01 11:43:15,700,54.5,Avanza Bank AB,Nordea Bank AB (publ)
2019-02-01 11:43:01,17,54.6,Avanza Bank AB,Merrill Lynch Intl.
2019-02-01 11:35:35,118,54.6,Avanza Bank AB,Merrill Lynch Intl.
2019-02-01 11:35:35,3,54.6,Avanza Bank AB,Avanza Bank AB
2019-02-01 11:32:46,3,54.6,Avanza Bank AB,Avanza Bank AB
2019-02-01 11:32:28,9,54.6,Swedbank AB,Avanza Bank AB
2019-02-01 11:32:28,12,54.6,Avanza Bank AB,Avanza Bank AB
2019-02-01 11:31:35,5,54.7,Avanza Bank AB,Avanza Bank AB
2019-02-01 11:31:12,7,54.6,Avanza Bank AB,Avanza Bank AB
2019-02-01 11:31:06,20,54.7,Avanza Bank AB,Avanza Bank AB
2019-02-01 11:28:56,12,54.6,Avanza Bank AB,Avanza Bank AB
2019-02-01 11:24:06,96,54.7,Nordea Bank AB (publ),Nordea Bank AB (publ)
2019-02-01 11:23:16,10,54.7,Avanza Bank AB,Nordea Bank AB (publ)
2019-02-01 11:22:30,1,54.7,Avanza Bank AB,Nordea Bank AB (publ)
2019-02-01 11:20:34,30,54.7,Nordea Bank AB (publ),Nordea Bank AB (publ)
2019-02-01 11:19:20,3,54.7,Avanza Bank AB,Nordea Bank AB (publ)
2019-02-01 11:17:34,80,54.7,Swedbank AB,Nordea Bank AB (publ)
2019-02-01 11:17:28,12,54.7,Avanza Bank AB,Nordea Bank AB (publ)
2019-02-01 11:17:28,3,54.7,Avanza Bank AB,Avanza Bank AB
2019-02-01 11:14:03,5,54.7,Avanza Bank AB,Nordea Bank AB (publ)
2019-02-01 11:13:57,35,54.6,Swedbank AB,Avanza Bank AB
2019-02-01 11:13:57,5,54.6,Avanza Bank AB,Avanza Bank AB
2019-02-01 11:12:55,185,54.6,Swedbank AB,Nordnet Bank AB
2019-02-01 11:12:43,5,54.6,Avanza Bank AB,Avanza Bank AB
2019-02-01 11:11:39,6,54.7,Avanza Bank AB,Nordea Bank AB (publ)
2019-02-01 11:11:21,211,54.7,Nordea Bank AB (publ),Nordea Bank AB (publ)
2019-02-01 11:09:37,25,54.7,Avanza Bank AB,Nordea Bank AB (publ)
2019-02-01 11:08:27,300,54.7,Avanza Bank AB,Nordea Bank AB (publ)
2019-02-01 11:06:13,10,54.7,Avanza Bank AB,Nordea Bank AB (publ)
2019-02-01 11:05:13,800,54.7,Skandinaviska Enskilda Banken AB,Nordea Bank AB (publ)
2019-02-01 11:05:03,9,54.7,Avanza Bank AB,Nordea Bank AB (publ)
2019-02-01 11:03:04,181,54.6,Swedbank AB,Nordnet Bank AB
2019-02-01 11:03:04,20,54.6,Nordnet Bank AB,Nordnet Bank AB
2019-02-01 11:01:36,3,54.8,Nordnet Bank AB,Nordea Bank AB (publ)
2019-02-01 11:01:02,90,54.6,Swedbank AB,Avanza Bank AB
2019-02-01 11:00:34,1,54.7,Nordnet Bank AB,Avanza Bank AB
2019-02-01 10:58:33,10,54.9,Avanza Bank AB,Avanza Bank AB
2019-02-01 10:57:28,4,54.9,Avanza Bank AB,Avanza Bank AB
2019-02-01 10:56:36,59,54.9,Nordnet Bank AB,Avanza Bank AB
2019-02-01 10:56:33,1,54.9,Avanza Bank AB,Avanza Bank AB
2019-02-01 10:55:26,41,54.8,Nordnet Bank AB,Avanza Bank AB
2019-02-01 10:54:20,2,54.7,Nordnet Bank AB,Avanza Bank AB
2019-02-01 10:54:20,10,54.7,Avanza Bank AB,Avanza Bank AB
2019-02-01 10:54:10,100,54.8,Swedbank AB,Avanza Bank AB
2019-02-01 10:53:35,10,54.8,Nordnet Bank AB,Avanza Bank AB
2019-02-01 10:51:10,40,54.8,Nordnet Bank AB,Avanza Bank AB
2019-02-01 10:50:09,21,54.8,Goldman Sachs International,Avanza Bank AB
2019-02-01 10:50:09,2,54.8,Avanza Bank AB,Avanza Bank AB
2019-02-01 10:50:09,5,54.8,Avanza Bank AB,Avanza Bank AB
2019-02-01 10:49:36,6,54.9,Avanza Bank AB,Avanza Bank AB
2019-02-01 10:46:32,12,54.9,SkandiaBanken AB,Avanza Bank AB
2019-02-01 10:45:15,100,54.8,Avanza Bank AB,Avanza Bank AB
2019-02-01 10:45:08,240,54.8,Avanza Bank AB,Merrill Lynch Intl.
2019-02-01 10:45:08,38,54.8,Avanza Bank AB,Avanza Bank AB
2019-02-01 10:41:53,26,54.7,Barclays Capital Securities Limited,Swedbank AB
2019-02-01 10:41:53,19,54.7,Avanza Bank AB,Swedbank AB
2019-02-01 10:41:53,25,54.7,Avanza Bank AB,Swedbank AB
2019-02-01 10:41:53,1,54.7,Avanza Bank AB,Swedbank AB
2019-02-01 10:41:53,129,54.7,Avanza Bank AB,Swedbank AB
2019-02-01 10:40:53,3,54.8,Avanza Bank AB,Avanza Bank AB
2019-02-01 10:34:12,40,54.9,Avanza Bank AB,Avanza Bank AB
2019-02-01 10:32:29,20,54.9,Avanza Bank AB,Avanza Bank AB
2019-02-01 10:31:29,2,54.9,Avanza Bank AB,Avanza Bank AB
2019-02-01 10:31:05,9,54.7,Avanza Bank AB,Avanza Bank AB
2019-02-01 10:30:57,5,54.9,Avanza Bank AB,Avanza Bank AB
2019-02-01 10:29:57,67,54.7,Avanza Bank AB,Avanza Bank AB
2019-02-01 10:29:35,25,54.9,Avanza Bank AB,Avanza Bank AB
2019-02-01 10:29:35,23,54.9,Avanza Bank AB,Avanza Bank AB
2019-02-01 10:29:00,18,54.9,Avanza Bank AB,Avanza Bank AB
2019-02-01 10:26:31,2,55.0,Avanza Bank AB,Avanza Bank AB
2019-02-01 10:25:20,14,55.0,Avanza Bank AB,Svenska Handelsbanken AB
2019-02-01 10:25:08,100,55.0,Avanza Bank AB,Svenska Handelsbanken AB
2019-02-01 10:23:31,3,55.0,Avanza Bank AB,Svenska Handelsbanken AB
2019-02-01 10:23:04,4,55.0,Avanza Bank AB,Svenska Handelsbanken AB
2019-02-01 10:22:54,1,55.0,Avanza Bank AB,Svenska Handelsbanken AB
2019-02-01 10:20:13,4,54.9,Avanza Bank AB,Avanza Bank AB
2019-02-01 10:18:19,27,54.7,Avanza Bank AB,Avanza Bank AB
2019-02-01 10:12:10,178,54.7,Avanza Bank AB,Merrill Lynch Intl.
2019-02-01 10:11:58,61,54.7,Avanza Bank AB,Merrill Lynch Intl.
2019-02-01 10:09:40,5,54.5,Avanza Bank AB,Avanza Bank AB
2019-02-01 10:09:31,6,54.7,Avanza Bank AB,Avanza Bank AB
2019-02-01 10:08:56,198,54.6,Barclays Capital Securities Limited,Avanza Bank AB
2019-02-01 10:07:57,17,54.7,Avanza Bank AB,Avanza Bank AB
2019-02-01 10:07:27,3,54.7,Nordnet Bank AB,Avanza Bank AB
2019-02-01 10:07:19,15,54.7,Avanza Bank AB,Avanza Bank AB
2019-02-01 10:06:57,1,54.7,Avanza Bank AB,Avanza Bank AB
2019-02-01 10:05:51,66,54.7,Avanza Bank AB,Avanza Bank AB
2019-02-01 10:05:29,3,55.0,Avanza Bank AB,Svenska Handelsbanken AB
2019-02-01 10:05:09,1,55.0,Avanza Bank AB,Svenska Handelsbanken AB
2019-02-01 10:04:33,1,55.0,Avanza Bank AB,Svenska Handelsbanken AB
2019-02-01 10:03:40,10,55.0,Avanza Bank AB,Svenska Handelsbanken AB
2019-02-01 10:03:37,295,54.5,Avanza Bank AB,Avanza Bank AB
2019-02-01 10:03:37,75,54.5,Avanza Bank AB,Avanza Bank AB
2019-02-01 10:03:37,24,54.6,Goldman Sachs International,Avanza Bank AB
2019-02-01 10:03:37,42,54.6,Avanza Bank AB,Avanza Bank AB
2019-02-01 10:03:13,10,54.6,Avanza Bank AB,Avanza Bank AB
2019-02-01 10:01:24,5,55.0,Avanza Bank AB,Svenska Handelsbanken AB
2019-02-01 10:01:12,55,55.0,Avanza Bank AB,Svenska Handelsbanken AB
2019-02-01 10:00:02,12,55.0,Avanza Bank AB,Svenska Handelsbanken AB
2019-02-01 09:59:39,1,55.0,Avanza Bank AB,Svenska Handelsbanken AB
2019-02-01 09:58:22,8,55.2,Avanza Bank AB,Merrill Lynch Intl.
2019-02-01 09:58:22,3,55.2,Avanza Bank AB,Avanza Bank AB
2019-02-01 09:57:07,10,55.2,Avanza Bank AB,Avanza Bank AB
2019-02-01 09:55:42,87,54.6,UBS Limited,Avanza Bank AB
2019-02-01 09:55:42,843,54.7,Merrill Lynch Intl.,Avanza Bank AB
2019-02-01 09:55:42,6,54.7,Nordnet Bank AB,Avanza Bank AB
2019-02-01 09:55:42,248,54.7,Goldman Sachs International,Avanza Bank AB
2019-02-01 09:55:42,10,54.8,Avanza Bank AB,Avanza Bank AB
2019-02-01 09:55:12,1,55.2,Avanza Bank AB,Avanza Bank AB
2019-02-01 09:55:05,165,55.2,Nordnet Bank AB,Merrill Lynch Intl.
2019-02-01 09:53:13,5,55.2,Avanza Bank AB,Avanza Bank AB
2019-02-01 09:52:48,4,55.2,Avanza Bank AB,Avanza Bank AB
2019-02-01 09:51:28,6,54.7,Goldman Sachs International,Avanza Bank AB
2019-02-01 09:51:27,20,55.2,Avanza Bank AB,Avanza Bank AB
2019-02-01 09:51:19,200,55.2,Nordnet Bank AB,Merrill Lynch Intl.
2019-02-01 09:51:06,100,54.7,Goldman Sachs International,Avanza Bank AB
2019-02-01 09:48:58,3,55.2,Avanza Bank AB,Avanza Bank AB
2019-02-01 09:48:30,4,55.0,Nordnet Bank AB,Merrill Lynch Intl.
2019-02-01 09:48:11,20,55.0,Avanza Bank AB,Merrill Lynch Intl.
2019-02-01 09:48:11,40,55.0,Avanza Bank AB,Avanza Bank AB
2019-02-01 09:47:25,10,55.0,Avanza Bank AB,Avanza Bank AB
2019-02-01 09:46:33,68,54.6,Merrill Lynch Intl.,Avanza Bank AB
2019-02-01 09:46:33,2,54.7,Avanza Bank AB,Avanza Bank AB
2019-02-01 09:46:33,1,54.8,Avanza Bank AB,Avanza Bank AB
2019-02-01 09:46:33,19,54.9,Avanza Bank AB,Avanza Bank AB
2019-02-01 09:46:23,1,55.0,Nordnet Bank AB,Merrill Lynch Intl.
2019-02-01 09:44:05,9,55.0,Nordnet Bank AB,Merrill Lynch Intl.
2019-02-01 09:43:28,7,55.0,Nordnet Bank AB,Avanza Bank AB
2019-02-01 09:42:21,13,55.0,Avanza Bank AB,Avanza Bank AB
2019-02-01 09:41:16,1,55.0,Avanza Bank AB,Avanza Bank AB
2019-02-01 09:41:01,1,55.0,Avanza Bank AB,Avanza Bank AB
2019-02-01 09:40:30,15,55.0,Avanza Bank AB,Avanza Bank AB
2019-02-01 09:40:19,11,54.9,Avanza Bank AB,Avanza Bank AB
2019-02-01 09:39:02,2,55.0,Nordnet Bank AB,Avanza Bank AB
2019-02-01 09:38:42,448,55.0,Svenska Handelsbanken AB,Avanza Bank AB
2019-02-01 09:38:42,26,55.2,Avanza Bank AB,Avanza Bank AB
2019-02-01 09:38:29,20,55.2,Avanza Bank AB,Avanza Bank AB
2019-02-01 09:37:34,302,55.0,Svenska Handelsbanken AB,Avanza Bank AB
2019-02-01 09:37:34,4,55.0,Avanza Bank AB,Avanza Bank AB
2019-02-01 09:37:34,4,55.0,Avanza Bank AB,Avanza Bank AB
2019-02-01 09:37:34,10,55.0,Avanza Bank AB,Avanza Bank AB
2019-02-01 09:37:34,500,55.0,Avanza Bank AB,Avanza Bank AB
2019-02-01 09:37:34,16,55.0,Avanza Bank AB,Avanza Bank AB
2019-02-01 09:37:34,5,55.0,Avanza Bank AB,Avanza Bank AB
2019-02-01 09:37:34,100,55.0,Avanza Bank AB,Avanza Bank AB
2019-02-01 09:37:34,10,55.0,Avanza Bank AB,Avanza Bank AB
2019-02-01 09:37:34,21,55.0,Avanza Bank AB,Avanza Bank AB
2019-02-01 09:37:34,19,55.1,Goldman Sachs International,Avanza Bank AB
2019-02-01 09:37:34,5,55.1,Avanza Bank AB,Avanza Bank AB
2019-02-01 09:37:34,4,55.2,Avanza Bank AB,Avanza Bank AB
2019-02-01 09:35:32,7,55.3,Avanza Bank AB,Avanza Bank AB
2019-02-01 09:34:21,1,55.3,Avanza Bank AB,Avanza Bank AB
2019-02-01 09:33:13,8,55.3,Avanza Bank AB,Avanza Bank AB
2019-02-01 09:30:11,15,55.3,Avanza Bank AB,Avanza Bank AB
2019-02-01 09:29:36,16,55.3,Avanza Bank AB,Avanza Bank AB
2019-02-01 09:29:32,1,55.3,Avanza Bank AB,Avanza Bank AB
2019-02-01 09:29:11,10,55.3,Avanza Bank AB,Avanza Bank AB
2019-02-01 09:27:18,1,55.3,Nordnet Bank AB,Avanza Bank AB
2019-02-01 09:24:52,24,55.3,Avanza Bank AB,Avanza Bank AB
2019-02-01 09:24:33,675,55.2,Citigroup Global Markets Limited,Goldman Sachs International
2019-02-01 09:24:33,18,55.2,Goldman Sachs International,Goldman Sachs International
2019-02-01 09:24:33,365,55.2,Citigroup Global Markets Limited,Avanza Bank AB
2019-02-01 09:20:45,3,55.3,Avanza Bank AB,Avanza Bank AB
2019-02-01 09:20:18,65,55.3,Avanza Bank AB,Avanza Bank AB
2019-02-01 09:19:33,10,55.3,Avanza Bank AB,Avanza Bank AB
2019-02-01 09:18:25,43,55.2,Citigroup Global Markets Limited,Avanza Bank AB
2019-02-01 09:18:06,6,55.3,Avanza Bank AB,Avanza Bank AB
2019-02-01 09:18:05,26,55.3,Avanza Bank AB,Avanza Bank AB
2019-02-01 09:17:17,3,55.3,Avanza Bank AB,Avanza Bank AB
2019-02-01 09:16:13,50,55.3,Nordnet Bank AB,Avanza Bank AB
2019-02-01 09:16:08,12,55.3,Avanza Bank AB,Avanza Bank AB
2019-02-01 09:15:59,34,55.2,Citigroup Global Markets Limited,Avanza Bank AB
2019-02-01 09:15:59,2,55.2,Avanza Bank AB,Avanza Bank AB
2019-02-01 09:15:49,106,55.2,Citigroup Global Markets Limited,Morgan Stanley &amp; Co. Intl. Ltd.
2019-02-01 09:15:28,1,55.3,Nordnet Bank AB,Avanza Bank AB
2019-02-01 09:15:14,10,55.3,Avanza Bank AB,Avanza Bank AB
2019-02-01 09:15:14,1,55.3,Avanza Bank AB,Avanza Bank AB
2019-02-01 09:14:40,45,55.3,Avanza Bank AB,Avanza Bank AB
2019-02-01 09:14:06,719,55.2,Citigroup Global Markets Limited,Barclays Capital Securities Limited
2019-02-01 09:14:05,5,55.3,Nordnet Bank AB,Avanza Bank AB
2019-02-01 09:14:05,20,55.3,Avanza Bank AB,Avanza Bank AB
2019-02-01 09:14:05,2,55.3,Avanza Bank AB,Avanza Bank AB
2019-02-01 09:14:05,30,55.3,Avanza Bank AB,Avanza Bank AB
2019-02-01 09:14:05,1,55.3,Avanza Bank AB,Avanza Bank AB
2019-02-01 09:14:00,10,55.4,Avanza Bank AB,Barclays Capital Securities Limited
2019-02-01 09:12:58,1,55.4,Avanza Bank AB,Morgan Stanley &amp; Co. Intl. Ltd.
2019-02-01 09:12:42,9,55.4,Avanza Bank AB,Morgan Stanley &amp; Co. Intl. Ltd.
2019-02-01 09:12:42,2,55.4,Nordnet Bank AB,Morgan Stanley &amp; Co. Intl. Ltd.
2019-02-01 09:12:42,61,55.4,Goldman Sachs International,Morgan Stanley &amp; Co. Intl. Ltd.
2019-02-01 09:12:42,8,55.4,Avanza Bank AB,Morgan Stanley &amp; Co. Intl. Ltd.
2019-02-01 09:12:42,18,55.4,Avanza Bank AB,Morgan Stanley &amp; Co. Intl. Ltd.
2019-02-01 09:12:42,27,55.4,Avanza Bank AB,Morgan Stanley &amp; Co. Intl. Ltd.
2019-02-01 09:11:24,4,55.5,Avanza Bank AB,Avanza Bank AB
2019-02-01 09:11:12,1,55.5,Avanza Bank AB,Avanza Bank AB
2019-02-01 09:10:44,10,55.5,Avanza Bank AB,Avanza Bank AB
2019-02-01 09:10:24,1,55.5,Avanza Bank AB,Avanza Bank AB
2019-02-01 09:09:42,8,55.5,Avanza Bank AB,Avanza Bank AB
2019-02-01 09:09:35,1,55.5,Nordnet Bank AB,Nordnet Bank AB
2019-02-01 09:09:30,6,55.5,Avanza Bank AB,Avanza Bank AB
2019-02-01 09:08:48,1,55.5,Avanza Bank AB,Avanza Bank AB
2019-02-01 09:07:26,10,55.5,Avanza Bank AB,Nordnet Bank AB
2019-02-01 09:07:11,2,55.5,Avanza Bank AB,Nordnet Bank AB
2019-02-01 09:06:31,5,55.5,Avanza Bank AB,Nordnet Bank AB
2019-02-01 09:06:24,200,55.5,Nordnet Bank AB,Nordnet Bank AB
2019-02-01 09:05:44,2,55.5,Avanza Bank AB,Nordnet Bank AB
2019-02-01 09:05:32,2,55.5,Avanza Bank AB,Nordnet Bank AB
2019-02-01 09:05:06,3,55.5,Avanza Bank AB,Nordnet Bank AB
2019-02-01 09:05:04,15,55.4,Avanza Bank AB,Avanza Bank AB
2019-02-01 09:04:27,3,55.5,Avanza Bank AB,Avanza Bank AB
2019-02-01 09:04:09,1,55.5,Avanza Bank AB,Avanza Bank AB
2019-02-01 09:03:21,43,55.4,Avanza Bank AB,Avanza Bank AB
2019-02-01 09:03:09,1,55.5,Avanza Bank AB,Avanza Bank AB
2019-02-01 09:02:36,1,55.5,Avanza Bank AB,Nordnet Bank AB
2019-02-01 09:01:23,2,55.5,Avanza Bank AB,Nordnet Bank AB
2019-02-01 09:00:30,10,55.4,Avanza Bank AB,Avanza Bank AB
2019-02-01 09:00:02,30,55.5,Avanza Bank AB,Nordnet Bank AB
2019-02-01 09:00:01,90,55.5,Avanza Bank AB,Nordnet Bank AB
2019-02-01 09:00:01,3,55.5,Avanza Bank AB,Nordnet Bank AB
2019-02-01 09:00:01,7,55.5,Avanza Bank AB,Nordnet Bank AB
2019-02-01 09:00:01,10,55.5,Avanza Bank AB,Nordnet Bank AB
2019-02-01 09:00:01,6,55.5,Avanza Bank AB,Nordnet Bank AB
2019-02-01 09:00:01,9,55.5,Avanza Bank AB,Nordnet Bank AB
2019-02-01 09:00:01,11,55.5,Avanza Bank AB,Nordnet Bank AB
2019-02-01 09:00:01,5,55.5,Avanza Bank AB,Nordnet Bank AB
2019-02-01 09:00:01,3,55.5,Avanza Bank AB,Nordnet Bank AB
2019-02-01 09:00:01,19,55.5,Avanza Bank AB,Nordnet Bank AB
2019-02-01 09:00:01,3,55.5,Avanza Bank AB,Nordnet Bank AB
2019-02-01 09:00:01,20,55.5,Nordnet Bank AB,Nordnet Bank AB
2019-02-01 09:00:01,50,55.5,Nordnet Bank AB,Nordnet Bank AB
2019-02-01 09:00:01,5,55.5,Avanza Bank AB,Nordnet Bank AB
2019-02-01 09:00:01,2,55.5,Avanza Bank AB,Nordnet Bank AB
2019-02-01 09:00:01,5,55.5,Avanza Bank AB,Nordnet Bank AB
2019-02-01 09:00:01,1,55.5,Avanza Bank AB,Nordnet Bank AB
2019-02-01 09:00:01,19,55.5,Avanza Bank AB,Nordnet Bank AB
2019-02-01 09:00:01,8,55.5,Avanza Bank AB,Nordnet Bank AB
2019-02-01 09:00:01,17,55.5,Avanza Bank AB,Svenska Handelsbanken AB
2019-02-01 09:00:01,15,55.5,Avanza Bank AB,Svenska Handelsbanken AB
2019-02-01 09:00:01,20,55.5,Avanza Bank AB,Svenska Handelsbanken AB
2019-02-01 09:00:01,100,55.5,Avanza Bank AB,Svenska Handelsbanken AB
2019-02-01 09:00:01,83,55.5,Avanza Bank AB,Svenska Handelsbanken AB
2019-02-01 09:00:01,20,55.5,Avanza Bank AB,Avanza Bank AB
2019-02-01 09:00:01,257,55.5,Avanza Bank AB,Merrill Lynch Intl.
2019-02-01 09:00:01,5,55.5,Avanza Bank AB,Merrill Lynch Intl.
2019-02-01 09:00:01,10,55.5,Avanza Bank AB,Merrill Lynch Intl.
2019-02-01 09:00:01,8,55.5,Avanza Bank AB,Merrill Lynch Intl.
2019-02-01 09:00:01,2,55.5,Avanza Bank AB,Merrill Lynch Intl.
2019-02-01 09:00:01,1,55.5,Avanza Bank AB,Merrill Lynch Intl.
2019-02-01 09:00:01,3,55.5,Avanza Bank AB,Merrill Lynch Intl.
2019-02-01 09:00:01,28,55.5,Nordnet Bank AB,Merrill Lynch Intl.
2019-02-01 09:00:01,28,55.5,Nordnet Bank AB,Merrill Lynch Intl.
2019-02-01 09:00:01,10,55.5,Avanza Bank AB,Merrill Lynch Intl.
2019-02-01 09:00:01,5,55.5,Avanza Bank AB,Merrill Lynch Intl.
2019-02-01 09:00:01,200,55.5,Avanza Bank AB,Merrill Lynch Intl.
2019-02-01 09:00:01,55,55.5,Avanza Bank AB,Merrill Lynch Intl.
2019-02-01 09:00:01,482,55.5,Instinet Europe Ltd.,Merrill Lynch Intl.
2019-02-01 09:00:01,26,55.5,Avanza Bank AB,Merrill Lynch Intl.
2019-02-01 09:00:01,111,55.5,Swedbank AB,Merrill Lynch Intl.
2019-02-01 09:00:01,49,55.5,Swedbank AB,Avanza Bank AB
2019-02-01 09:00:01,25,55.5,Nordnet Bank AB,Avanza Bank AB
2019-02-01 09:00:01,15,55.5,Nordnet Bank AB,Avanza Bank AB
2019-02-01 09:00:01,11,55.5,Nordnet Bank AB,Avanza Bank AB
