time,volume,price,buyer,seller
2019-02-01 16:25:20,1255,5.6,Anonymous Broker,Anonymous Broker
2019-02-01 16:25:20,72,5.6,Anonymous Broker,Anonymous Broker
2019-02-01 16:25:20,5000,5.6,Anonymous Broker,Anonymous Broker
2019-02-01 16:25:20,20343,5.6,Anonymous Broker,Anonymous Broker
2019-02-01 16:25:20,27598,5.6,Anonymous Broker,Anonymous Broker
2019-02-01 16:25:20,1097,5.6,Anonymous Broker,Anonymous Broker
2019-02-01 16:25:20,10000,5.6,Anonymous Broker,Anonymous Broker
2019-02-01 16:25:20,34635,5.6,Anonymous Broker,Anonymous Broker
2019-02-01 16:25:20,5000,5.6,Anonymous Broker,Anonymous Broker
2019-02-01 16:25:20,8635,5.6,Anonymous Broker,Anonymous Broker
2019-02-01 16:25:20,11829,5.6,Anonymous Broker,Anonymous Broker
2019-02-01 16:25:20,8,5.6,Anonymous Broker,Anonymous Broker
2019-02-01 16:25:20,76,5.6,Anonymous Broker,Anonymous Broker
2019-02-01 16:25:20,763,5.6,Anonymous Broker,Anonymous Broker
2019-02-01 16:25:20,7631,5.6,Anonymous Broker,Anonymous Broker
2019-02-01 16:25:20,14028,5.6,Anonymous Broker,Anonymous Broker
2019-02-01 16:25:20,2328,5.6,Anonymous Broker,Anonymous Broker
2019-02-01 16:25:20,63233,5.6,Anonymous Broker,Anonymous Broker
2019-02-01 16:25:20,42824,5.6,Anonymous Broker,Anonymous Broker
2019-02-01 16:25:20,12379,5.6,Anonymous Broker,Anonymous Broker
2019-02-01 16:25:20,12379,5.6,Anonymous Broker,Anonymous Broker
2019-02-01 16:25:20,21600,5.6,Anonymous Broker,Anonymous Broker
2019-02-01 16:25:20,28886,5.6,Anonymous Broker,Anonymous Broker
2019-02-01 16:25:20,28000,5.6,Anonymous Broker,Anonymous Broker
2019-02-01 16:25:20,12000,5.6,Anonymous Broker,Anonymous Broker
2019-02-01 16:25:20,5108,5.6,Anonymous Broker,Anonymous Broker
2019-02-01 16:25:20,82406,5.6,Anonymous Broker,Anonymous Broker
2019-02-01 16:25:20,14952,5.6,Anonymous Broker,Anonymous Broker
2019-02-01 16:25:20,5000,5.6,Anonymous Broker,Anonymous Broker
2019-02-01 16:25:20,886,5.6,Anonymous Broker,Anonymous Broker
2019-02-01 16:25:20,323,5.6,Anonymous Broker,Anonymous Broker
2019-02-01 16:25:20,1759,5.6,Anonymous Broker,Anonymous Broker
2019-02-01 16:25:20,661,5.6,Anonymous Broker,Anonymous Broker
2019-02-01 16:25:20,12371,5.6,Anonymous Broker,Anonymous Broker
2019-02-01 16:25:20,2620,5.6,Anonymous Broker,Anonymous Broker
2019-02-01 16:25:20,4844,5.6,Anonymous Broker,Anonymous Broker
2019-02-01 16:25:20,60613,5.6,Anonymous Broker,Anonymous Broker
2019-02-01 16:25:20,106703,5.6,Anonymous Broker,Anonymous Broker
2019-02-01 16:25:20,61249,5.6,Anonymous Broker,Anonymous Broker
2019-02-01 16:25:20,8997,5.6,Anonymous Broker,Anonymous Broker
2019-02-01 16:25:20,26132,5.6,Anonymous Broker,Anonymous Broker
2019-02-01 16:25:20,28823,5.6,Anonymous Broker,Anonymous Broker
2019-02-01 16:25:20,36743,5.6,Anonymous Broker,Anonymous Broker
2019-02-01 16:25:20,2506,5.6,Anonymous Broker,Anonymous Broker
2019-02-01 16:25:20,11573,5.6,Anonymous Broker,Anonymous Broker
2019-02-01 16:25:20,147,5.6,Anonymous Broker,Anonymous Broker
2019-02-01 16:25:20,4779,5.6,Anonymous Broker,Anonymous Broker
2019-02-01 16:25:20,219,5.6,Anonymous Broker,Anonymous Broker
2019-02-01 16:25:20,35,5.6,Anonymous Broker,Anonymous Broker
2019-02-01 16:25:20,28871,5.6,Anonymous Broker,Anonymous Broker
2019-02-01 16:25:20,761,5.6,Anonymous Broker,Anonymous Broker
2019-02-01 16:19:53,2776,5.59,Anonymous Broker,Anonymous Broker
2019-02-01 16:19:47,368,5.585,Anonymous Broker,Anonymous Broker
2019-02-01 16:19:47,2500,5.59,Anonymous Broker,Anonymous Broker
2019-02-01 16:19:46,1900,5.59,Anonymous Broker,Anonymous Broker
2019-02-01 16:19:43,1712,5.585,Anonymous Broker,Anonymous Broker
2019-02-01 16:19:28,2871,5.585,Anonymous Broker,Anonymous Broker
2019-02-01 16:19:17,674,5.585,Anonymous Broker,Anonymous Broker
2019-02-01 16:19:17,1326,5.585,Anonymous Broker,Anonymous Broker
2019-02-01 16:18:54,1624,5.585,Anonymous Broker,Anonymous Broker
2019-02-01 16:18:54,1776,5.585,Anonymous Broker,Anonymous Broker
2019-02-01 16:18:36,377,5.595,Anonymous Broker,Anonymous Broker
2019-02-01 16:18:10,2794,5.595,Anonymous Broker,Anonymous Broker
2019-02-01 16:18:08,7000,5.59,Anonymous Broker,Anonymous Broker
2019-02-01 16:18:08,3000,5.59,Anonymous Broker,Anonymous Broker
2019-02-01 16:17:54,4000,5.59,Anonymous Broker,Anonymous Broker
2019-02-01 16:17:38,377,5.595,Anonymous Broker,Anonymous Broker
2019-02-01 16:17:17,3069,5.595,Anonymous Broker,Anonymous Broker
2019-02-01 16:17:15,2566,5.59,Anonymous Broker,Anonymous Broker
2019-02-01 16:17:15,11420,5.59,Anonymous Broker,Anonymous Broker
2019-02-01 16:17:15,2856,5.59,Anonymous Broker,Anonymous Broker
2019-02-01 16:15:16,2583,5.59,Anonymous Broker,Anonymous Broker
2019-02-01 16:15:14,1382,5.585,Anonymous Broker,Anonymous Broker
2019-02-01 16:15:14,17713,5.585,Anonymous Broker,Anonymous Broker
2019-02-01 16:15:14,5208,5.585,Anonymous Broker,Anonymous Broker
2019-02-01 16:15:14,2306,5.585,Anonymous Broker,Anonymous Broker
2019-02-01 16:15:14,2500,5.585,Anonymous Broker,Anonymous Broker
2019-02-01 16:15:01,22895,5.58,Anonymous Broker,Anonymous Broker
2019-02-01 16:14:59,2250,5.58,Anonymous Broker,Anonymous Broker
2019-02-01 16:14:59,2703,5.58,Anonymous Broker,Anonymous Broker
2019-02-01 16:14:08,1000,5.59,Anonymous Broker,Anonymous Broker
2019-02-01 16:13:53,1000,5.59,Anonymous Broker,Anonymous Broker
2019-02-01 16:13:51,2391,5.59,Anonymous Broker,Anonymous Broker
2019-02-01 16:13:36,1318,5.585,Anonymous Broker,Anonymous Broker
2019-02-01 16:13:36,360,5.585,Anonymous Broker,Anonymous Broker
2019-02-01 16:13:36,7500,5.585,Anonymous Broker,Anonymous Broker
2019-02-01 16:13:36,6445,5.585,Anonymous Broker,Anonymous Broker
2019-02-01 16:13:36,5407,5.585,Anonymous Broker,Anonymous Broker
2019-02-01 16:13:36,3571,5.585,Anonymous Broker,Anonymous Broker
2019-02-01 16:13:36,5000,5.585,Anonymous Broker,Anonymous Broker
2019-02-01 16:13:36,2613,5.585,Anonymous Broker,Anonymous Broker
2019-02-01 16:13:36,4380,5.585,Anonymous Broker,Anonymous Broker
2019-02-01 16:13:36,620,5.585,Anonymous Broker,Anonymous Broker
2019-02-01 16:12:51,3471,5.595,Anonymous Broker,Anonymous Broker
2019-02-01 16:12:41,500,5.595,Anonymous Broker,Anonymous Broker
2019-02-01 16:12:31,7926,5.595,Anonymous Broker,Anonymous Broker
2019-02-01 16:12:31,5407,5.595,Anonymous Broker,Anonymous Broker
2019-02-01 16:12:31,1667,5.595,Anonymous Broker,Anonymous Broker
2019-02-01 16:12:19,1000,5.595,Anonymous Broker,Anonymous Broker
2019-02-01 16:11:56,2000,5.595,Anonymous Broker,Anonymous Broker
2019-02-01 16:11:40,1,5.59,Anonymous Broker,Anonymous Broker
2019-02-01 16:11:40,391,5.59,Anonymous Broker,Anonymous Broker
2019-02-01 16:11:18,2833,5.595,Anonymous Broker,Anonymous Broker
2019-02-01 16:09:52,1506,5.59,Anonymous Broker,Anonymous Broker
2019-02-01 16:09:43,100,5.59,Anonymous Broker,Anonymous Broker
2019-02-01 16:07:49,5000,5.59,Anonymous Broker,Anonymous Broker
2019-02-01 16:07:09,3246,5.59,Anonymous Broker,Anonymous Broker
2019-02-01 16:07:09,3329,5.59,Anonymous Broker,Anonymous Broker
2019-02-01 16:07:06,6671,5.59,Anonymous Broker,Anonymous Broker
2019-02-01 16:06:15,2954,5.595,Anonymous Broker,Anonymous Broker
2019-02-01 16:06:12,3185,5.595,Anonymous Broker,Anonymous Broker
2019-02-01 16:06:10,9679,5.59,Anonymous Broker,Anonymous Broker
2019-02-01 16:06:10,16861,5.59,Anonymous Broker,Anonymous Broker
2019-02-01 16:06:10,3000,5.59,Anonymous Broker,Anonymous Broker
2019-02-01 16:06:06,16000,5.59,Anonymous Broker,Anonymous Broker
2019-02-01 16:05:59,4700,5.58,Anonymous Broker,Anonymous Broker
2019-02-01 16:05:58,4212,5.585,Anonymous Broker,Anonymous Broker
2019-02-01 16:05:58,4500,5.585,Anonymous Broker,Anonymous Broker
2019-02-01 16:05:58,5995,5.585,Anonymous Broker,Anonymous Broker
2019-02-01 16:05:58,13919,5.585,Anonymous Broker,Anonymous Broker
2019-02-01 16:05:58,6000,5.585,Anonymous Broker,Anonymous Broker
2019-02-01 16:04:56,400,5.585,Anonymous Broker,Anonymous Broker
2019-02-01 16:04:47,372,5.585,Anonymous Broker,Anonymous Broker
2019-02-01 16:04:38,2097,5.585,Anonymous Broker,Anonymous Broker
2019-02-01 16:03:49,10402,5.58,Anonymous Broker,Anonymous Broker
2019-02-01 16:03:49,1,5.58,Anonymous Broker,Anonymous Broker
2019-02-01 16:02:36,6514,5.58,Anonymous Broker,Anonymous Broker
2019-02-01 16:02:36,486,5.58,Anonymous Broker,Anonymous Broker
2019-02-01 16:01:41,1508,5.575,Anonymous Broker,Anonymous Broker
2019-02-01 16:00:35,179,5.58,Anonymous Broker,Anonymous Broker
2019-02-01 15:59:28,5000,5.575,Anonymous Broker,Anonymous Broker
2019-02-01 15:59:28,401,5.575,Anonymous Broker,Anonymous Broker
2019-02-01 15:59:28,2500,5.575,Anonymous Broker,Anonymous Broker
2019-02-01 15:58:47,2208,5.57,Anonymous Broker,Anonymous Broker
2019-02-01 15:58:47,2846,5.57,Anonymous Broker,Anonymous Broker
2019-02-01 15:54:49,3500,5.565,Anonymous Broker,Anonymous Broker
2019-02-01 15:54:49,7500,5.565,Anonymous Broker,Anonymous Broker
2019-02-01 15:54:42,4940,5.57,Anonymous Broker,Anonymous Broker
2019-02-01 15:54:41,5000,5.57,Anonymous Broker,Anonymous Broker
2019-02-01 15:54:41,538,5.57,Anonymous Broker,Anonymous Broker
2019-02-01 15:54:41,18046,5.57,Anonymous Broker,Anonymous Broker
2019-02-01 15:54:41,5407,5.57,Anonymous Broker,Anonymous Broker
2019-02-01 15:54:41,1000,5.57,Anonymous Broker,Anonymous Broker
2019-02-01 15:54:26,9954,5.57,Anonymous Broker,Anonymous Broker
2019-02-01 15:53:24,25,5.58,Anonymous Broker,Anonymous Broker
2019-02-01 15:50:30,10,5.58,Anonymous Broker,Anonymous Broker
2019-02-01 15:49:51,2076,5.58,Anonymous Broker,Anonymous Broker
2019-02-01 15:49:51,9263,5.58,Anonymous Broker,Anonymous Broker
2019-02-01 15:49:51,5000,5.58,Anonymous Broker,Anonymous Broker
2019-02-01 15:49:51,18201,5.58,Anonymous Broker,Anonymous Broker
2019-02-01 15:49:51,5000,5.58,Anonymous Broker,Anonymous Broker
2019-02-01 15:49:51,2842,5.58,Anonymous Broker,Anonymous Broker
2019-02-01 15:49:51,300,5.58,Anonymous Broker,Anonymous Broker
2019-02-01 15:49:51,7500,5.58,Anonymous Broker,Anonymous Broker
2019-02-01 15:49:51,7185,5.58,Anonymous Broker,Anonymous Broker
2019-02-01 15:49:51,374,5.58,Anonymous Broker,Anonymous Broker
2019-02-01 15:49:51,5000,5.58,Anonymous Broker,Anonymous Broker
2019-02-01 15:49:51,300,5.58,Anonymous Broker,Anonymous Broker
2019-02-01 15:47:14,3032,5.585,Anonymous Broker,Anonymous Broker
2019-02-01 15:47:14,3207,5.585,Anonymous Broker,Anonymous Broker
2019-02-01 15:47:14,2853,5.585,Anonymous Broker,Anonymous Broker
2019-02-01 15:46:03,1508,5.59,Anonymous Broker,Anonymous Broker
2019-02-01 15:45:51,7240,5.585,Anonymous Broker,Anonymous Broker
2019-02-01 15:45:51,1760,5.585,Anonymous Broker,Anonymous Broker
2019-02-01 15:44:17,1583,5.59,Anonymous Broker,Anonymous Broker
2019-02-01 15:44:06,3700,5.58,Anonymous Broker,Anonymous Broker
2019-02-01 15:43:43,370,5.585,Anonymous Broker,Anonymous Broker
2019-02-01 15:43:43,741,5.585,Anonymous Broker,Anonymous Broker
2019-02-01 15:43:43,2114,5.585,Anonymous Broker,Anonymous Broker
2019-02-01 15:43:43,7307,5.585,Anonymous Broker,Anonymous Broker
2019-02-01 15:43:43,4000,5.585,Anonymous Broker,Anonymous Broker
2019-02-01 15:41:51,1,5.585,Anonymous Broker,Anonymous Broker
2019-02-01 15:39:17,5000,5.59,Anonymous Broker,Anonymous Broker
2019-02-01 15:39:17,10000,5.59,Anonymous Broker,Anonymous Broker
2019-02-01 15:34:59,3000,5.585,Anonymous Broker,Anonymous Broker
2019-02-01 15:34:14,3309,5.585,Anonymous Broker,Anonymous Broker
2019-02-01 15:33:08,5075,5.585,Anonymous Broker,Anonymous Broker
2019-02-01 15:33:01,1971,5.59,Anonymous Broker,Anonymous Broker
2019-02-01 15:33:01,4529,5.59,Anonymous Broker,Anonymous Broker
2019-02-01 15:33:01,7500,5.59,Anonymous Broker,Anonymous Broker
2019-02-01 15:30:41,2000,5.59,Anonymous Broker,Anonymous Broker
2019-02-01 15:30:05,4500,5.585,Anonymous Broker,Anonymous Broker
2019-02-01 15:30:05,2250,5.585,Anonymous Broker,Anonymous Broker
2019-02-01 15:30:05,1590,5.595,Anonymous Broker,Anonymous Broker
2019-02-01 15:29:44,7500,5.585,Anonymous Broker,Anonymous Broker
2019-02-01 15:28:39,2609,5.6,Anonymous Broker,Anonymous Broker
2019-02-01 15:28:39,1391,5.6,Anonymous Broker,Anonymous Broker
2019-02-01 15:28:36,5000,5.6,Anonymous Broker,Anonymous Broker
2019-02-01 15:26:07,490,5.6,Anonymous Broker,Anonymous Broker
2019-02-01 15:23:43,200,5.6,Anonymous Broker,Anonymous Broker
2019-02-01 15:21:22,4219,5.59,Anonymous Broker,Anonymous Broker
2019-02-01 15:21:22,1200,5.59,Anonymous Broker,Anonymous Broker
2019-02-01 15:21:22,2558,5.59,Anonymous Broker,Anonymous Broker
2019-02-01 15:21:19,5933,5.595,Anonymous Broker,Anonymous Broker
2019-02-01 15:21:19,8743,5.59,Anonymous Broker,Anonymous Broker
2019-02-01 15:21:19,7499,5.59,Anonymous Broker,Anonymous Broker
2019-02-01 15:21:12,1,5.59,Anonymous Broker,Anonymous Broker
2019-02-01 15:20:52,2000,5.585,Anonymous Broker,Anonymous Broker
2019-02-01 15:20:37,1500,5.585,Anonymous Broker,Anonymous Broker
2019-02-01 15:20:37,750,5.585,Anonymous Broker,Anonymous Broker
2019-02-01 15:20:37,2650,5.585,Anonymous Broker,Anonymous Broker
2019-02-01 15:20:37,1850,5.585,Anonymous Broker,Anonymous Broker
2019-02-01 15:20:37,2250,5.585,Anonymous Broker,Anonymous Broker
2019-02-01 15:20:37,4900,5.59,Anonymous Broker,Anonymous Broker
2019-02-01 15:20:37,600,5.59,Anonymous Broker,Anonymous Broker
2019-02-01 15:20:37,7500,5.59,Anonymous Broker,Anonymous Broker
2019-02-01 15:20:26,2250,5.58,Anonymous Broker,Anonymous Broker
2019-02-01 15:20:26,5407,5.585,Anonymous Broker,Anonymous Broker
2019-02-01 15:20:26,7500,5.585,Anonymous Broker,Anonymous Broker
2019-02-01 15:20:26,1915,5.585,Anonymous Broker,Anonymous Broker
2019-02-01 15:20:26,7500,5.58,Anonymous Broker,Anonymous Broker
2019-02-01 15:20:26,10000,5.58,Anonymous Broker,Anonymous Broker
2019-02-01 15:18:32,5489,5.58,Anonymous Broker,Anonymous Broker
2019-02-01 15:18:32,1861,5.58,Anonymous Broker,Anonymous Broker
2019-02-01 15:17:36,150,5.58,Anonymous Broker,Anonymous Broker
2019-02-01 15:16:23,3453,5.585,Anonymous Broker,Anonymous Broker
2019-02-01 15:16:23,5000,5.585,Anonymous Broker,Anonymous Broker
2019-02-01 15:16:23,7500,5.585,Anonymous Broker,Anonymous Broker
2019-02-01 15:16:23,7500,5.585,Anonymous Broker,Anonymous Broker
2019-02-01 15:16:23,5407,5.58,Anonymous Broker,Anonymous Broker
2019-02-01 15:16:23,4140,5.58,Anonymous Broker,Anonymous Broker
2019-02-01 15:16:23,7000,5.58,Anonymous Broker,Anonymous Broker
2019-02-01 15:15:12,500,5.58,Anonymous Broker,Anonymous Broker
2019-02-01 15:14:12,10000,5.58,Anonymous Broker,Anonymous Broker
2019-02-01 15:14:12,1800,5.58,Anonymous Broker,Anonymous Broker
2019-02-01 15:14:12,7141,5.58,Anonymous Broker,Anonymous Broker
2019-02-01 15:14:12,1359,5.58,Anonymous Broker,Anonymous Broker
2019-02-01 15:14:12,14400,5.58,Anonymous Broker,Anonymous Broker
2019-02-01 15:13:32,5000,5.585,Anonymous Broker,Anonymous Broker
2019-02-01 15:13:32,1575,5.585,Anonymous Broker,Anonymous Broker
2019-02-01 15:13:32,5407,5.585,Anonymous Broker,Anonymous Broker
2019-02-01 15:13:32,2500,5.585,Anonymous Broker,Anonymous Broker
2019-02-01 15:13:32,500,5.585,Anonymous Broker,Anonymous Broker
2019-02-01 15:13:32,20000,5.59,Anonymous Broker,Anonymous Broker
2019-02-01 15:13:32,5407,5.59,Anonymous Broker,Anonymous Broker
2019-02-01 15:13:32,7500,5.59,Anonymous Broker,Anonymous Broker
2019-02-01 15:13:32,5000,5.59,Anonymous Broker,Anonymous Broker
2019-02-01 15:13:32,25000,5.59,Anonymous Broker,Anonymous Broker
2019-02-01 15:13:32,500,5.59,Anonymous Broker,Anonymous Broker
2019-02-01 15:13:32,5407,5.595,Anonymous Broker,Anonymous Broker
2019-02-01 15:13:32,7500,5.595,Anonymous Broker,Anonymous Broker
2019-02-01 15:13:32,2674,5.595,Anonymous Broker,Anonymous Broker
2019-02-01 15:12:20,452,5.6,Anonymous Broker,Anonymous Broker
2019-02-01 15:11:55,1508,5.6,Anonymous Broker,Anonymous Broker
2019-02-01 15:11:35,1000,5.6,Anonymous Broker,Anonymous Broker
2019-02-01 15:11:35,1583,5.6,Anonymous Broker,Anonymous Broker
2019-02-01 15:10:01,173,5.6,Anonymous Broker,Anonymous Broker
2019-02-01 15:10:01,237,5.6,Anonymous Broker,Anonymous Broker
2019-02-01 15:10:01,466,5.6,Anonymous Broker,Anonymous Broker
2019-02-01 15:07:22,4500,5.6,Anonymous Broker,Anonymous Broker
2019-02-01 15:07:22,6500,5.6,Anonymous Broker,Anonymous Broker
2019-02-01 15:07:19,1000,5.6,Anonymous Broker,Anonymous Broker
2019-02-01 15:07:05,6541,5.595,Anonymous Broker,Anonymous Broker
2019-02-01 15:07:05,959,5.595,Anonymous Broker,Anonymous Broker
2019-02-01 15:06:08,6649,5.6,Anonymous Broker,Anonymous Broker
2019-02-01 15:05:32,851,5.6,Anonymous Broker,Anonymous Broker
2019-02-01 15:05:11,1322,5.6,Anonymous Broker,Anonymous Broker
2019-02-01 15:05:11,7500,5.6,Anonymous Broker,Anonymous Broker
2019-02-01 15:05:11,10000,5.6,Anonymous Broker,Anonymous Broker
2019-02-01 15:05:11,7500,5.6,Anonymous Broker,Anonymous Broker
2019-02-01 15:05:11,381,5.6,Anonymous Broker,Anonymous Broker
2019-02-01 15:05:11,5119,5.6,Anonymous Broker,Anonymous Broker
2019-02-01 15:05:11,9499,5.6,Anonymous Broker,Anonymous Broker
2019-02-01 15:05:11,5430,5.595,Anonymous Broker,Anonymous Broker
2019-02-01 15:05:09,2070,5.595,Anonymous Broker,Anonymous Broker
2019-02-01 15:01:16,11700,5.6,Anonymous Broker,Anonymous Broker
2019-02-01 15:01:04,11,5.6,Anonymous Broker,Anonymous Broker
2019-02-01 15:00:58,80,5.6,Anonymous Broker,Anonymous Broker
2019-02-01 15:00:35,3000,5.6,Anonymous Broker,Anonymous Broker
2019-02-01 15:00:35,7000,5.6,Anonymous Broker,Anonymous Broker
2019-02-01 14:59:22,500,5.6,Anonymous Broker,Anonymous Broker
2019-02-01 14:59:22,500,5.6,Anonymous Broker,Anonymous Broker
2019-02-01 14:58:21,6979,5.595,Anonymous Broker,Anonymous Broker
2019-02-01 14:58:15,7500,5.6,Anonymous Broker,Anonymous Broker
2019-02-01 14:58:15,30091,5.6,Anonymous Broker,Anonymous Broker
2019-02-01 14:57:31,3754,5.605,Anonymous Broker,Anonymous Broker
2019-02-01 14:57:31,144,5.605,Anonymous Broker,Anonymous Broker
2019-02-01 14:57:02,1093,5.6,Anonymous Broker,Anonymous Broker
2019-02-01 14:56:48,5000,5.6,Anonymous Broker,Anonymous Broker
2019-02-01 14:56:48,5407,5.6,Anonymous Broker,Anonymous Broker
2019-02-01 14:56:48,7500,5.6,Anonymous Broker,Anonymous Broker
2019-02-01 14:56:48,4200,5.6,Anonymous Broker,Anonymous Broker
2019-02-01 14:56:48,1000,5.6,Anonymous Broker,Anonymous Broker
2019-02-01 14:52:24,200,5.61,Anonymous Broker,Anonymous Broker
2019-02-01 14:52:24,1000,5.61,Anonymous Broker,Anonymous Broker
2019-02-01 14:50:25,7500,5.61,Anonymous Broker,Anonymous Broker
2019-02-01 14:50:25,8441,5.615,Anonymous Broker,Anonymous Broker
2019-02-01 14:50:25,3000,5.615,Anonymous Broker,Anonymous Broker
2019-02-01 14:50:25,20652,5.61,Anonymous Broker,Anonymous Broker
2019-02-01 14:50:25,5407,5.61,Anonymous Broker,Anonymous Broker
2019-02-01 14:50:25,5000,5.61,Anonymous Broker,Anonymous Broker
2019-02-01 14:50:25,7500,5.61,Anonymous Broker,Anonymous Broker
2019-02-01 14:50:11,2200,5.605,Anonymous Broker,Anonymous Broker
2019-02-01 14:50:05,990,5.605,Anonymous Broker,Anonymous Broker
2019-02-01 14:49:33,2200,5.605,Anonymous Broker,Anonymous Broker
2019-02-01 14:49:33,4300,5.605,Anonymous Broker,Anonymous Broker
2019-02-01 14:49:33,7500,5.605,Anonymous Broker,Anonymous Broker
2019-02-01 14:49:29,5407,5.605,Anonymous Broker,Anonymous Broker
2019-02-01 14:49:29,17755,5.61,Anonymous Broker,Anonymous Broker
2019-02-01 14:49:29,5500,5.61,Anonymous Broker,Anonymous Broker
2019-02-01 14:49:29,5407,5.61,Anonymous Broker,Anonymous Broker
2019-02-01 14:49:29,5407,5.605,Anonymous Broker,Anonymous Broker
2019-02-01 14:49:29,7500,5.605,Anonymous Broker,Anonymous Broker
2019-02-01 14:49:29,6600,5.605,Anonymous Broker,Anonymous Broker
2019-02-01 14:49:29,1831,5.6,Anonymous Broker,Anonymous Broker
2019-02-01 14:48:15,1169,5.6,Anonymous Broker,Anonymous Broker
2019-02-01 14:47:58,1000,5.6,Anonymous Broker,Anonymous Broker
2019-02-01 14:45:21,2250,5.6,Anonymous Broker,Anonymous Broker
2019-02-01 14:45:21,4500,5.6,Anonymous Broker,Anonymous Broker
2019-02-01 14:45:21,7500,5.6,Anonymous Broker,Anonymous Broker
2019-02-01 14:45:21,3225,5.6,Anonymous Broker,Anonymous Broker
2019-02-01 14:45:21,7500,5.6,Anonymous Broker,Anonymous Broker
2019-02-01 14:45:21,7000,5.605,Anonymous Broker,Anonymous Broker
2019-02-01 14:43:45,7500,5.605,Anonymous Broker,Anonymous Broker
2019-02-01 14:43:43,140,5.61,Anonymous Broker,Anonymous Broker
2019-02-01 14:43:43,2121,5.61,Anonymous Broker,Anonymous Broker
2019-02-01 14:43:43,583,5.61,Anonymous Broker,Anonymous Broker
2019-02-01 14:43:06,2253,5.61,Anonymous Broker,Anonymous Broker
2019-02-01 14:43:06,5519,5.61,Anonymous Broker,Anonymous Broker
2019-02-01 14:43:06,16781,5.61,Anonymous Broker,Anonymous Broker
2019-02-01 14:43:06,2500,5.61,Anonymous Broker,Anonymous Broker
2019-02-01 14:42:22,5000,5.61,Anonymous Broker,Anonymous Broker
2019-02-01 14:41:43,9327,5.6,Anonymous Broker,Anonymous Broker
2019-02-01 14:41:43,3597,5.6,Anonymous Broker,Anonymous Broker
2019-02-01 14:41:43,13267,5.6,Anonymous Broker,Anonymous Broker
2019-02-01 14:39:49,3931,5.6,Anonymous Broker,Anonymous Broker
2019-02-01 14:39:49,1700,5.6,Anonymous Broker,Anonymous Broker
2019-02-01 14:39:49,634,5.6,Anonymous Broker,Anonymous Broker
2019-02-01 14:39:49,4773,5.6,Anonymous Broker,Anonymous Broker
2019-02-01 14:39:49,5000,5.6,Anonymous Broker,Anonymous Broker
2019-02-01 14:39:49,5277,5.6,Anonymous Broker,Anonymous Broker
2019-02-01 14:39:49,7500,5.6,Anonymous Broker,Anonymous Broker
2019-02-01 14:39:49,1000,5.6,Anonymous Broker,Anonymous Broker
2019-02-01 14:39:49,350,5.6,Anonymous Broker,Anonymous Broker
2019-02-01 14:39:49,600,5.605,Anonymous Broker,Anonymous Broker
2019-02-01 14:38:57,4000,5.61,Anonymous Broker,Anonymous Broker
2019-02-01 14:38:33,3052,5.61,Anonymous Broker,Anonymous Broker
2019-02-01 14:38:33,1,5.61,Anonymous Broker,Anonymous Broker
2019-02-01 14:38:33,25000,5.61,Anonymous Broker,Anonymous Broker
2019-02-01 14:38:33,1350,5.61,Anonymous Broker,Anonymous Broker
2019-02-01 14:38:33,597,5.61,Anonymous Broker,Anonymous Broker
2019-02-01 14:37:41,200,5.61,Anonymous Broker,Anonymous Broker
2019-02-01 14:36:13,300,5.61,Anonymous Broker,Anonymous Broker
2019-02-01 14:36:12,4679,5.605,Anonymous Broker,Anonymous Broker
2019-02-01 14:35:14,7500,5.605,Anonymous Broker,Anonymous Broker
2019-02-01 14:35:14,6197,5.605,Anonymous Broker,Anonymous Broker
2019-02-01 14:35:11,464,5.605,Anonymous Broker,Anonymous Broker
2019-02-01 14:35:11,1221,5.605,Anonymous Broker,Anonymous Broker
2019-02-01 14:34:50,7888,5.61,Anonymous Broker,Anonymous Broker
2019-02-01 14:34:50,3000,5.61,Anonymous Broker,Anonymous Broker
2019-02-01 14:34:50,4112,5.61,Anonymous Broker,Anonymous Broker
2019-02-01 14:34:42,1500,5.605,Anonymous Broker,Anonymous Broker
2019-02-01 14:34:35,500,5.605,Anonymous Broker,Anonymous Broker
2019-02-01 14:31:29,1750,5.605,Anonymous Broker,Anonymous Broker
2019-02-01 14:31:29,2206,5.605,Anonymous Broker,Anonymous Broker
2019-02-01 14:30:32,888,5.605,Anonymous Broker,Anonymous Broker
2019-02-01 14:30:31,752,5.605,Anonymous Broker,Anonymous Broker
2019-02-01 14:30:31,1504,5.605,Anonymous Broker,Anonymous Broker
2019-02-01 14:30:13,450,5.6,Anonymous Broker,Anonymous Broker
2019-02-01 14:28:12,3000,5.605,Anonymous Broker,Anonymous Broker
2019-02-01 14:27:55,8142,5.6,Anonymous Broker,Anonymous Broker
2019-02-01 14:27:55,7350,5.6,Anonymous Broker,Anonymous Broker
2019-02-01 14:25:48,1150,5.605,Anonymous Broker,Anonymous Broker
2019-02-01 14:24:19,150,5.6,Anonymous Broker,Anonymous Broker
2019-02-01 14:22:45,8000,5.605,Anonymous Broker,Anonymous Broker
2019-02-01 14:22:43,7035,5.6,Anonymous Broker,Anonymous Broker
2019-02-01 14:22:43,200,5.6,Anonymous Broker,Anonymous Broker
2019-02-01 14:22:08,2160,5.6,Anonymous Broker,Anonymous Broker
2019-02-01 14:19:19,6000,5.595,Anonymous Broker,Anonymous Broker
2019-02-01 14:19:01,3622,5.595,Anonymous Broker,Anonymous Broker
2019-02-01 14:19:01,4000,5.595,Anonymous Broker,Anonymous Broker
2019-02-01 14:18:32,2000,5.595,Anonymous Broker,Anonymous Broker
2019-02-01 14:18:12,5000,5.59,Anonymous Broker,Anonymous Broker
2019-02-01 14:18:12,1344,5.59,Anonymous Broker,Anonymous Broker
2019-02-01 14:18:12,7500,5.59,Anonymous Broker,Anonymous Broker
2019-02-01 14:18:12,2251,5.59,Anonymous Broker,Anonymous Broker
2019-02-01 14:14:06,1000,5.6,Anonymous Broker,Anonymous Broker
2019-02-01 14:08:05,7499,5.6,Anonymous Broker,Anonymous Broker
2019-02-01 14:07:58,1,5.6,Anonymous Broker,Anonymous Broker
2019-02-01 14:06:56,1970,5.6,Anonymous Broker,Anonymous Broker
2019-02-01 14:06:56,3000,5.6,Anonymous Broker,Anonymous Broker
2019-02-01 14:06:56,1015,5.6,Anonymous Broker,Anonymous Broker
2019-02-01 14:06:56,7000,5.6,Anonymous Broker,Anonymous Broker
2019-02-01 14:06:56,800,5.6,Anonymous Broker,Anonymous Broker
2019-02-01 14:06:56,404,5.6,Anonymous Broker,Anonymous Broker
2019-02-01 14:05:48,4596,5.6,Anonymous Broker,Anonymous Broker
2019-02-01 14:05:48,1600,5.6,Anonymous Broker,Anonymous Broker
2019-02-01 14:05:48,7500,5.595,Anonymous Broker,Anonymous Broker
2019-02-01 14:05:48,9593,5.595,Anonymous Broker,Anonymous Broker
2019-02-01 14:05:48,10000,5.595,Anonymous Broker,Anonymous Broker
2019-02-01 14:05:48,2250,5.595,Anonymous Broker,Anonymous Broker
2019-02-01 14:05:48,2537,5.595,Anonymous Broker,Anonymous Broker
2019-02-01 14:05:19,8164,5.59,Anonymous Broker,Anonymous Broker
2019-02-01 14:05:19,851,5.59,Anonymous Broker,Anonymous Broker
2019-02-01 14:04:30,387,5.585,Anonymous Broker,Anonymous Broker
2019-02-01 14:04:30,3913,5.585,Anonymous Broker,Anonymous Broker
2019-02-01 14:04:13,7500,5.585,Anonymous Broker,Anonymous Broker
2019-02-01 14:04:13,43651,5.585,Anonymous Broker,Anonymous Broker
2019-02-01 14:04:13,23297,5.585,Anonymous Broker,Anonymous Broker
2019-02-01 14:04:13,4,5.59,Anonymous Broker,Anonymous Broker
2019-02-01 14:04:13,2795,5.59,Anonymous Broker,Anonymous Broker
2019-02-01 14:04:13,7500,5.59,Anonymous Broker,Anonymous Broker
2019-02-01 13:58:16,550,5.595,Anonymous Broker,Anonymous Broker
2019-02-01 13:57:38,400,5.585,Anonymous Broker,Anonymous Broker
2019-02-01 13:57:28,70,5.595,Anonymous Broker,Anonymous Broker
2019-02-01 13:56:02,1,5.59,Anonymous Broker,Anonymous Broker
2019-02-01 13:55:34,7500,5.59,Anonymous Broker,Anonymous Broker
2019-02-01 13:55:34,2657,5.59,Anonymous Broker,Anonymous Broker
2019-02-01 13:55:34,2250,5.59,Anonymous Broker,Anonymous Broker
2019-02-01 13:55:34,5314,5.59,Anonymous Broker,Anonymous Broker
2019-02-01 13:55:34,1164,5.59,Anonymous Broker,Anonymous Broker
2019-02-01 13:55:34,28391,5.59,Anonymous Broker,Anonymous Broker
2019-02-01 13:55:34,7500,5.59,Anonymous Broker,Anonymous Broker
2019-02-01 13:55:34,3500,5.59,Anonymous Broker,Anonymous Broker
2019-02-01 13:55:34,10000,5.59,Anonymous Broker,Anonymous Broker
2019-02-01 13:55:34,7500,5.59,Anonymous Broker,Anonymous Broker
2019-02-01 13:55:34,10000,5.59,Anonymous Broker,Anonymous Broker
2019-02-01 13:55:20,360,5.59,Anonymous Broker,Anonymous Broker
2019-02-01 13:53:41,7500,5.585,Anonymous Broker,Anonymous Broker
2019-02-01 13:53:41,6071,5.585,Anonymous Broker,Anonymous Broker
2019-02-01 13:52:08,400,5.58,Anonymous Broker,Anonymous Broker
2019-02-01 13:52:08,5417,5.58,Anonymous Broker,Anonymous Broker
2019-02-01 13:52:08,4500,5.58,Anonymous Broker,Anonymous Broker
2019-02-01 13:52:08,11836,5.58,Anonymous Broker,Anonymous Broker
2019-02-01 13:52:08,2801,5.58,Anonymous Broker,Anonymous Broker
2019-02-01 13:51:32,6239,5.58,Anonymous Broker,Anonymous Broker
2019-02-01 13:51:31,3430,5.585,Anonymous Broker,Anonymous Broker
2019-02-01 13:51:31,5605,5.585,Anonymous Broker,Anonymous Broker
2019-02-01 13:51:31,21306,5.585,Anonymous Broker,Anonymous Broker
2019-02-01 13:51:31,5000,5.585,Anonymous Broker,Anonymous Broker
2019-02-01 13:49:12,5500,5.58,Anonymous Broker,Anonymous Broker
2019-02-01 13:47:51,754,5.58,Anonymous Broker,Anonymous Broker
2019-02-01 13:47:12,206,5.58,Anonymous Broker,Anonymous Broker
2019-02-01 13:47:12,7500,5.585,Anonymous Broker,Anonymous Broker
2019-02-01 13:47:12,12294,5.585,Anonymous Broker,Anonymous Broker
2019-02-01 13:47:04,708,5.59,Anonymous Broker,Anonymous Broker
2019-02-01 13:47:04,3605,5.59,Anonymous Broker,Anonymous Broker
2019-02-01 13:47:04,1492,5.59,Anonymous Broker,Anonymous Broker
2019-02-01 13:47:04,10218,5.59,Anonymous Broker,Anonymous Broker
2019-02-01 13:47:04,12434,5.59,Anonymous Broker,Anonymous Broker
2019-02-01 13:47:04,5761,5.59,Anonymous Broker,Anonymous Broker
2019-02-01 13:47:00,4353,5.59,Anonymous Broker,Anonymous Broker
2019-02-01 13:47:00,3702,5.59,Anonymous Broker,Anonymous Broker
2019-02-01 13:47:00,3798,5.59,Anonymous Broker,Anonymous Broker
2019-02-01 13:47:00,2405,5.59,Anonymous Broker,Anonymous Broker
2019-02-01 13:47:00,41401,5.59,Anonymous Broker,Anonymous Broker
2019-02-01 13:47:00,6259,5.59,Anonymous Broker,Anonymous Broker
2019-02-01 13:47:00,6924,5.59,Anonymous Broker,Anonymous Broker
2019-02-01 13:46:53,8588,5.585,Anonymous Broker,Anonymous Broker
2019-02-01 13:46:48,1000,5.585,Anonymous Broker,Anonymous Broker
2019-02-01 13:46:26,186,5.585,Anonymous Broker,Anonymous Broker
2019-02-01 13:46:21,166,5.585,Anonymous Broker,Anonymous Broker
2019-02-01 13:45:10,576,5.59,Anonymous Broker,Anonymous Broker
2019-02-01 13:45:10,74,5.59,Anonymous Broker,Anonymous Broker
2019-02-01 13:44:38,6185,5.59,Anonymous Broker,Anonymous Broker
2019-02-01 13:44:38,4539,5.59,Anonymous Broker,Anonymous Broker
2019-02-01 13:44:16,1150,5.59,Anonymous Broker,Anonymous Broker
2019-02-01 13:39:03,1508,5.585,Anonymous Broker,Anonymous Broker
2019-02-01 13:38:44,10,5.59,Anonymous Broker,Anonymous Broker
2019-02-01 13:38:24,941,5.59,Anonymous Broker,Anonymous Broker
2019-02-01 13:38:24,3559,5.59,Anonymous Broker,Anonymous Broker
2019-02-01 13:37:53,2700,5.59,Anonymous Broker,Anonymous Broker
2019-02-01 13:37:52,5761,5.585,Anonymous Broker,Anonymous Broker
2019-02-01 13:36:00,1000,5.59,Anonymous Broker,Anonymous Broker
2019-02-01 13:35:26,7500,5.585,Anonymous Broker,Anonymous Broker
2019-02-01 13:35:25,3304,5.585,Anonymous Broker,Anonymous Broker
2019-02-01 13:35:25,900,5.585,Anonymous Broker,Anonymous Broker
2019-02-01 13:33:29,553,5.575,Anonymous Broker,Anonymous Broker
2019-02-01 13:32:43,7500,5.58,Anonymous Broker,Anonymous Broker
2019-02-01 13:30:52,6212,5.58,Anonymous Broker,Anonymous Broker
2019-02-01 13:30:52,2578,5.58,Anonymous Broker,Anonymous Broker
2019-02-01 13:29:55,4688,5.57,Anonymous Broker,Anonymous Broker
2019-02-01 13:29:55,11795,5.57,Anonymous Broker,Anonymous Broker
2019-02-01 13:29:55,5407,5.57,Anonymous Broker,Anonymous Broker
2019-02-01 13:29:53,6078,5.575,Anonymous Broker,Anonymous Broker
2019-02-01 13:29:53,2779,5.575,Anonymous Broker,Anonymous Broker
2019-02-01 13:29:53,13574,5.575,Anonymous Broker,Anonymous Broker
2019-02-01 13:29:53,5000,5.575,Anonymous Broker,Anonymous Broker
2019-02-01 13:29:53,16362,5.575,Anonymous Broker,Anonymous Broker
2019-02-01 13:29:53,5407,5.575,Anonymous Broker,Anonymous Broker
2019-02-01 13:29:53,10804,5.575,Anonymous Broker,Anonymous Broker
2019-02-01 13:29:53,22496,5.575,Anonymous Broker,Anonymous Broker
2019-02-01 13:29:53,7500,5.575,Anonymous Broker,Anonymous Broker
2019-02-01 13:28:06,2000,5.58,Anonymous Broker,Anonymous Broker
2019-02-01 13:28:06,34781,5.575,Anonymous Broker,Anonymous Broker
2019-02-01 13:28:06,6385,5.575,Anonymous Broker,Anonymous Broker
2019-02-01 13:28:06,3674,5.575,Anonymous Broker,Anonymous Broker
2019-02-01 13:26:02,4000,5.57,Anonymous Broker,Anonymous Broker
2019-02-01 13:24:42,9000,5.575,Anonymous Broker,Anonymous Broker
2019-02-01 13:24:42,14608,5.575,Anonymous Broker,Anonymous Broker
2019-02-01 13:20:05,8642,5.58,Anonymous Broker,Anonymous Broker
2019-02-01 13:20:05,750,5.58,Anonymous Broker,Anonymous Broker
2019-02-01 13:19:03,357,5.58,Anonymous Broker,Anonymous Broker
2019-02-01 13:19:03,2143,5.58,Anonymous Broker,Anonymous Broker
2019-02-01 13:19:03,107,5.58,Anonymous Broker,Anonymous Broker
2019-02-01 13:19:03,3069,5.58,Anonymous Broker,Anonymous Broker
2019-02-01 13:14:12,3784,5.575,Anonymous Broker,Anonymous Broker
2019-02-01 13:13:06,3875,5.575,Anonymous Broker,Anonymous Broker
2019-02-01 13:11:49,7500,5.57,Anonymous Broker,Anonymous Broker
2019-02-01 13:11:49,241,5.57,Anonymous Broker,Anonymous Broker
2019-02-01 13:11:49,3660,5.57,Anonymous Broker,Anonymous Broker
2019-02-01 13:11:49,6831,5.57,Anonymous Broker,Anonymous Broker
2019-02-01 13:11:49,7455,5.57,Anonymous Broker,Anonymous Broker
2019-02-01 13:05:43,45,5.57,Anonymous Broker,Anonymous Broker
2019-02-01 13:05:31,1847,5.565,Anonymous Broker,Anonymous Broker
2019-02-01 13:05:16,694,5.565,Anonymous Broker,Anonymous Broker
2019-02-01 13:05:16,7500,5.565,Anonymous Broker,Anonymous Broker
2019-02-01 13:05:16,206,5.565,Anonymous Broker,Anonymous Broker
2019-02-01 13:04:24,600,5.565,Anonymous Broker,Anonymous Broker
2019-02-01 13:03:20,11566,5.565,Anonymous Broker,Anonymous Broker
2019-02-01 13:03:20,5407,5.565,Anonymous Broker,Anonymous Broker
2019-02-01 13:03:20,7500,5.565,Anonymous Broker,Anonymous Broker
2019-02-01 13:03:20,5527,5.57,Anonymous Broker,Anonymous Broker
2019-02-01 13:02:16,1973,5.57,Anonymous Broker,Anonymous Broker
2019-02-01 13:02:16,27,5.57,Anonymous Broker,Anonymous Broker
2019-02-01 13:02:11,57,5.575,Anonymous Broker,Anonymous Broker
2019-02-01 13:02:11,6750,5.575,Anonymous Broker,Anonymous Broker
2019-02-01 13:02:11,4038,5.575,Anonymous Broker,Anonymous Broker
2019-02-01 13:02:07,4874,5.575,Anonymous Broker,Anonymous Broker
2019-02-01 13:02:07,831,5.575,Anonymous Broker,Anonymous Broker
2019-02-01 13:02:07,200,5.575,Anonymous Broker,Anonymous Broker
2019-02-01 13:02:07,7024,5.575,Anonymous Broker,Anonymous Broker
2019-02-01 12:59:30,93,5.575,Anonymous Broker,Anonymous Broker
2019-02-01 12:58:18,80,5.58,Anonymous Broker,Anonymous Broker
2019-02-01 12:58:04,14,5.58,Anonymous Broker,Anonymous Broker
2019-02-01 12:57:01,10000,5.575,Anonymous Broker,Anonymous Broker
2019-02-01 12:57:00,6770,5.57,Anonymous Broker,Anonymous Broker
2019-02-01 12:57:00,24,5.57,Anonymous Broker,Anonymous Broker
2019-02-01 12:54:15,3453,5.57,Anonymous Broker,Anonymous Broker
2019-02-01 12:54:15,328,5.57,Anonymous Broker,Anonymous Broker
2019-02-01 12:54:15,5000,5.57,Anonymous Broker,Anonymous Broker
2019-02-01 12:54:15,12719,5.57,Anonymous Broker,Anonymous Broker
2019-02-01 12:54:15,1000,5.57,Anonymous Broker,Anonymous Broker
2019-02-01 12:54:15,7500,5.57,Anonymous Broker,Anonymous Broker
2019-02-01 12:53:30,30,5.58,Anonymous Broker,Anonymous Broker
2019-02-01 12:53:02,1362,5.575,Anonymous Broker,Anonymous Broker
2019-02-01 12:53:02,8025,5.575,Anonymous Broker,Anonymous Broker
2019-02-01 12:53:02,2551,5.575,Anonymous Broker,Anonymous Broker
2019-02-01 12:51:26,103,5.58,Anonymous Broker,Anonymous Broker
2019-02-01 12:51:02,3311,5.58,Anonymous Broker,Anonymous Broker
2019-02-01 12:49:32,170,5.58,Anonymous Broker,Anonymous Broker
2019-02-01 12:47:27,2267,5.575,Anonymous Broker,Anonymous Broker
2019-02-01 12:47:27,3700,5.575,Anonymous Broker,Anonymous Broker
2019-02-01 12:47:27,3800,5.575,Anonymous Broker,Anonymous Broker
2019-02-01 12:47:10,1000,5.585,Anonymous Broker,Anonymous Broker
2019-02-01 12:46:50,20,5.585,Anonymous Broker,Anonymous Broker
2019-02-01 12:44:30,220,5.585,Anonymous Broker,Anonymous Broker
2019-02-01 12:44:19,1000,5.585,Anonymous Broker,Anonymous Broker
2019-02-01 12:42:56,2500,5.585,Anonymous Broker,Anonymous Broker
2019-02-01 12:42:56,3794,5.58,Anonymous Broker,Anonymous Broker
2019-02-01 12:42:05,1889,5.585,Anonymous Broker,Anonymous Broker
2019-02-01 12:42:05,7111,5.585,Anonymous Broker,Anonymous Broker
2019-02-01 12:40:59,2229,5.58,Anonymous Broker,Anonymous Broker
2019-02-01 12:40:59,1671,5.58,Anonymous Broker,Anonymous Broker
2019-02-01 12:38:38,3828,5.57,Anonymous Broker,Anonymous Broker
2019-02-01 12:38:38,6098,5.57,Anonymous Broker,Anonymous Broker
2019-02-01 12:36:28,500,5.57,Anonymous Broker,Anonymous Broker
2019-02-01 12:31:28,7500,5.56,Anonymous Broker,Anonymous Broker
2019-02-01 12:31:28,8059,5.56,Anonymous Broker,Anonymous Broker
2019-02-01 12:31:28,2779,5.56,Anonymous Broker,Anonymous Broker
2019-02-01 12:31:28,707,5.56,Anonymous Broker,Anonymous Broker
2019-02-01 12:31:28,29293,5.56,Anonymous Broker,Anonymous Broker
2019-02-01 12:30:00,3000,5.56,Anonymous Broker,Anonymous Broker
2019-02-01 12:28:12,5000,5.56,Anonymous Broker,Anonymous Broker
2019-02-01 12:28:12,5000,5.56,Anonymous Broker,Anonymous Broker
2019-02-01 12:28:12,6438,5.56,Anonymous Broker,Anonymous Broker
2019-02-01 12:28:12,18812,5.56,Anonymous Broker,Anonymous Broker
2019-02-01 12:27:43,1055,5.56,Anonymous Broker,Anonymous Broker
2019-02-01 12:27:42,11900,5.565,Anonymous Broker,Anonymous Broker
2019-02-01 12:26:38,6600,5.565,Anonymous Broker,Anonymous Broker
2019-02-01 12:26:35,900,5.565,Anonymous Broker,Anonymous Broker
2019-02-01 12:26:03,1810,5.565,Anonymous Broker,Anonymous Broker
2019-02-01 12:25:24,7,5.56,Anonymous Broker,Anonymous Broker
2019-02-01 12:25:24,822,5.56,Anonymous Broker,Anonymous Broker
2019-02-01 12:24:32,678,5.56,Anonymous Broker,Anonymous Broker
2019-02-01 12:23:44,2000,5.56,Anonymous Broker,Anonymous Broker
2019-02-01 12:23:34,3500,5.56,Anonymous Broker,Anonymous Broker
2019-02-01 12:23:34,3500,5.56,Anonymous Broker,Anonymous Broker
2019-02-01 12:23:34,7200,5.56,Anonymous Broker,Anonymous Broker
2019-02-01 12:23:34,300,5.56,Anonymous Broker,Anonymous Broker
2019-02-01 12:23:31,5555,5.56,Anonymous Broker,Anonymous Broker
2019-02-01 12:23:31,35,5.56,Anonymous Broker,Anonymous Broker
2019-02-01 12:23:31,2712,5.56,Anonymous Broker,Anonymous Broker
2019-02-01 12:22:52,4753,5.56,Anonymous Broker,Anonymous Broker
2019-02-01 12:21:57,230,5.555,Anonymous Broker,Anonymous Broker
2019-02-01 12:21:46,2000,5.555,Anonymous Broker,Anonymous Broker
2019-02-01 12:21:46,20000,5.555,Anonymous Broker,Anonymous Broker
2019-02-01 12:21:05,1600,5.55,Anonymous Broker,Anonymous Broker
2019-02-01 12:21:05,18019,5.55,Anonymous Broker,Anonymous Broker
2019-02-01 12:21:05,1643,5.55,Anonymous Broker,Anonymous Broker
2019-02-01 12:21:05,5396,5.55,Anonymous Broker,Anonymous Broker
2019-02-01 12:21:05,12520,5.55,Anonymous Broker,Anonymous Broker
2019-02-01 12:21:05,3832,5.55,Anonymous Broker,Anonymous Broker
2019-02-01 12:21:05,6139,5.55,Anonymous Broker,Anonymous Broker
2019-02-01 12:20:12,754,5.545,Anonymous Broker,Anonymous Broker
2019-02-01 12:20:12,528,5.545,Anonymous Broker,Anonymous Broker
2019-02-01 12:20:06,1000,5.55,Anonymous Broker,Anonymous Broker
2019-02-01 12:19:41,361,5.55,Anonymous Broker,Anonymous Broker
2019-02-01 12:17:13,905,5.545,Anonymous Broker,Anonymous Broker
2019-02-01 12:16:38,3500,5.545,Anonymous Broker,Anonymous Broker
2019-02-01 12:16:38,7500,5.545,Anonymous Broker,Anonymous Broker
2019-02-01 12:16:25,829,5.545,Anonymous Broker,Anonymous Broker
2019-02-01 12:16:10,100,5.55,Anonymous Broker,Anonymous Broker
2019-02-01 12:16:10,6400,5.55,Anonymous Broker,Anonymous Broker
2019-02-01 12:16:10,25980,5.55,Anonymous Broker,Anonymous Broker
2019-02-01 12:16:10,5500,5.555,Anonymous Broker,Anonymous Broker
2019-02-01 12:16:10,7500,5.555,Anonymous Broker,Anonymous Broker
2019-02-01 12:15:49,367,5.56,Anonymous Broker,Anonymous Broker
2019-02-01 12:15:30,700,5.565,Anonymous Broker,Anonymous Broker
2019-02-01 12:14:36,3005,5.565,Anonymous Broker,Anonymous Broker
2019-02-01 12:14:36,495,5.565,Anonymous Broker,Anonymous Broker
2019-02-01 12:13:29,105,5.565,Anonymous Broker,Anonymous Broker
2019-02-01 12:12:42,6900,5.565,Anonymous Broker,Anonymous Broker
2019-02-01 12:09:15,100,5.56,Anonymous Broker,Anonymous Broker
2019-02-01 12:09:15,6743,5.56,Anonymous Broker,Anonymous Broker
2019-02-01 12:09:15,757,5.56,Anonymous Broker,Anonymous Broker
2019-02-01 12:09:15,6359,5.555,Anonymous Broker,Anonymous Broker
2019-02-01 12:09:15,1141,5.555,Anonymous Broker,Anonymous Broker
2019-02-01 12:09:15,16499,5.555,Anonymous Broker,Anonymous Broker
2019-02-01 12:08:14,5000,5.555,Anonymous Broker,Anonymous Broker
2019-02-01 12:06:34,11000,5.555,Anonymous Broker,Anonymous Broker
2019-02-01 12:05:47,7532,5.55,Anonymous Broker,Anonymous Broker
2019-02-01 12:05:47,7500,5.55,Anonymous Broker,Anonymous Broker
2019-02-01 12:05:43,5407,5.555,Anonymous Broker,Anonymous Broker
2019-02-01 12:05:43,150,5.555,Anonymous Broker,Anonymous Broker
2019-02-01 12:05:43,7500,5.555,Anonymous Broker,Anonymous Broker
2019-02-01 12:05:43,15229,5.555,Anonymous Broker,Anonymous Broker
2019-02-01 12:05:43,7500,5.56,Anonymous Broker,Anonymous Broker
2019-02-01 12:05:43,945,5.56,Anonymous Broker,Anonymous Broker
2019-02-01 12:05:07,12,5.56,Anonymous Broker,Anonymous Broker
2019-02-01 12:05:07,7500,5.56,Anonymous Broker,Anonymous Broker
2019-02-01 12:05:07,1543,5.56,Anonymous Broker,Anonymous Broker
2019-02-01 12:04:23,2271,5.555,Anonymous Broker,Anonymous Broker
2019-02-01 12:04:23,7500,5.555,Anonymous Broker,Anonymous Broker
2019-02-01 12:04:14,4171,5.55,Anonymous Broker,Anonymous Broker
2019-02-01 12:04:14,7500,5.55,Anonymous Broker,Anonymous Broker
2019-02-01 12:03:38,829,5.555,Anonymous Broker,Anonymous Broker
2019-02-01 12:03:38,7500,5.555,Anonymous Broker,Anonymous Broker
2019-02-01 12:03:12,3193,5.555,Anonymous Broker,Anonymous Broker
2019-02-01 12:03:12,5407,5.555,Anonymous Broker,Anonymous Broker
2019-02-01 12:03:02,32205,5.55,Anonymous Broker,Anonymous Broker
2019-02-01 12:03:01,2255,5.545,Anonymous Broker,Anonymous Broker
2019-02-01 12:02:59,7500,5.54,Anonymous Broker,Anonymous Broker
2019-02-01 12:02:59,7154,5.54,Anonymous Broker,Anonymous Broker
2019-02-01 12:02:59,7500,5.54,Anonymous Broker,Anonymous Broker
2019-02-01 12:02:59,17800,5.54,Anonymous Broker,Anonymous Broker
2019-02-01 12:02:59,18846,5.54,Anonymous Broker,Anonymous Broker
2019-02-01 12:02:59,7500,5.535,Anonymous Broker,Anonymous Broker
2019-02-01 12:02:55,200,5.53,Anonymous Broker,Anonymous Broker
2019-02-01 12:02:55,200,5.53,Anonymous Broker,Anonymous Broker
2019-02-01 12:02:54,200,5.53,Anonymous Broker,Anonymous Broker
2019-02-01 12:02:53,200,5.53,Anonymous Broker,Anonymous Broker
2019-02-01 12:02:52,200,5.53,Anonymous Broker,Anonymous Broker
2019-02-01 12:02:52,200,5.53,Anonymous Broker,Anonymous Broker
2019-02-01 12:02:52,200,5.53,Anonymous Broker,Anonymous Broker
2019-02-01 12:02:52,200,5.53,Anonymous Broker,Anonymous Broker
2019-02-01 12:02:48,200,5.53,Anonymous Broker,Anonymous Broker
2019-02-01 12:02:43,200,5.535,Anonymous Broker,Anonymous Broker
2019-02-01 12:02:42,200,5.535,Anonymous Broker,Anonymous Broker
2019-02-01 12:02:42,200,5.535,Anonymous Broker,Anonymous Broker
2019-02-01 12:02:42,200,5.535,Anonymous Broker,Anonymous Broker
2019-02-01 12:02:42,200,5.535,Anonymous Broker,Anonymous Broker
2019-02-01 12:02:42,200,5.53,Anonymous Broker,Anonymous Broker
2019-02-01 12:02:40,2040,5.535,Anonymous Broker,Anonymous Broker
2019-02-01 12:02:40,5460,5.535,Anonymous Broker,Anonymous Broker
2019-02-01 12:02:40,3540,5.535,Anonymous Broker,Anonymous Broker
2019-02-01 12:02:40,25860,5.535,Anonymous Broker,Anonymous Broker
2019-02-01 12:02:40,2640,5.535,Anonymous Broker,Anonymous Broker
2019-02-01 12:02:40,7500,5.535,Anonymous Broker,Anonymous Broker
2019-02-01 12:02:40,9860,5.535,Anonymous Broker,Anonymous Broker
2019-02-01 12:02:38,200,5.53,Anonymous Broker,Anonymous Broker
2019-02-01 12:02:27,200,5.53,Anonymous Broker,Anonymous Broker
2019-02-01 12:02:24,350,5.535,Anonymous Broker,Anonymous Broker
2019-02-01 12:02:22,7642,5.535,Anonymous Broker,Anonymous Broker
2019-02-01 12:02:21,66112,5.54,Anonymous Broker,Anonymous Broker
2019-02-01 12:02:12,15927,5.54,Anonymous Broker,Anonymous Broker
2019-02-01 12:02:12,11817,5.54,Anonymous Broker,Anonymous Broker
2019-02-01 12:02:12,200,5.54,Anonymous Broker,Anonymous Broker
2019-02-01 12:02:12,200,5.54,Anonymous Broker,Anonymous Broker
2019-02-01 12:02:12,5783,5.54,Anonymous Broker,Anonymous Broker
2019-02-01 12:02:12,3000,5.535,Anonymous Broker,Anonymous Broker
2019-02-01 12:02:09,200,5.53,Anonymous Broker,Anonymous Broker
2019-02-01 12:02:09,200,5.53,Anonymous Broker,Anonymous Broker
2019-02-01 12:02:08,2000,5.525,Anonymous Broker,Anonymous Broker
2019-02-01 12:02:07,200,5.525,Anonymous Broker,Anonymous Broker
2019-02-01 12:02:05,7500,5.53,Anonymous Broker,Anonymous Broker
2019-02-01 12:02:04,200,5.525,Anonymous Broker,Anonymous Broker
2019-02-01 12:02:04,200,5.525,Anonymous Broker,Anonymous Broker
2019-02-01 12:02:00,7207,5.53,Anonymous Broker,Anonymous Broker
2019-02-01 12:01:56,200,5.52,Anonymous Broker,Anonymous Broker
2019-02-01 12:01:56,200,5.525,Anonymous Broker,Anonymous Broker
2019-02-01 12:01:55,200,5.525,Anonymous Broker,Anonymous Broker
2019-02-01 12:01:55,200,5.525,Anonymous Broker,Anonymous Broker
2019-02-01 12:01:55,200,5.52,Anonymous Broker,Anonymous Broker
2019-02-01 12:01:53,200,5.525,Anonymous Broker,Anonymous Broker
2019-02-01 12:01:53,200,5.525,Anonymous Broker,Anonymous Broker
2019-02-01 12:01:53,200,5.525,Anonymous Broker,Anonymous Broker
2019-02-01 12:01:53,200,5.525,Anonymous Broker,Anonymous Broker
2019-02-01 12:01:52,6900,5.53,Anonymous Broker,Anonymous Broker
2019-02-01 12:01:33,200,5.53,Anonymous Broker,Anonymous Broker
2019-02-01 12:01:28,200,5.53,Anonymous Broker,Anonymous Broker
2019-02-01 12:01:19,200,5.53,Anonymous Broker,Anonymous Broker
2019-02-01 12:01:13,5500,5.53,Anonymous Broker,Anonymous Broker
2019-02-01 12:01:13,4500,5.53,Anonymous Broker,Anonymous Broker
2019-02-01 12:01:13,4500,5.53,Anonymous Broker,Anonymous Broker
2019-02-01 12:01:13,5500,5.53,Anonymous Broker,Anonymous Broker
2019-02-01 12:01:13,4500,5.53,Anonymous Broker,Anonymous Broker
2019-02-01 12:01:13,10000,5.53,Anonymous Broker,Anonymous Broker
2019-02-01 12:01:13,6500,5.53,Anonymous Broker,Anonymous Broker
2019-02-01 12:01:13,1532,5.53,Anonymous Broker,Anonymous Broker
2019-02-01 12:01:13,5468,5.53,Anonymous Broker,Anonymous Broker
2019-02-01 12:01:13,3000,5.53,Anonymous Broker,Anonymous Broker
2019-02-01 12:01:13,6456,5.53,Anonymous Broker,Anonymous Broker
2019-02-01 12:01:13,10000,5.53,Anonymous Broker,Anonymous Broker
2019-02-01 12:01:13,91087,5.53,Anonymous Broker,Anonymous Broker
2019-02-01 12:01:13,49000,5.53,Anonymous Broker,Anonymous Broker
2019-02-01 12:01:13,3000,5.53,Anonymous Broker,Anonymous Broker
2019-02-01 12:01:04,1000,5.53,Anonymous Broker,Anonymous Broker
2019-02-01 12:01:04,4000,5.535,Anonymous Broker,Anonymous Broker
2019-02-01 12:00:45,1000,5.535,Anonymous Broker,Anonymous Broker
2019-02-01 12:00:43,12645,5.54,Anonymous Broker,Anonymous Broker
2019-02-01 12:00:43,13360,5.54,Anonymous Broker,Anonymous Broker
2019-02-01 12:00:43,60,5.54,Anonymous Broker,Anonymous Broker
2019-02-01 12:00:43,770,5.54,Anonymous Broker,Anonymous Broker
2019-02-01 12:00:43,810,5.54,Anonymous Broker,Anonymous Broker
2019-02-01 12:00:36,1000,5.54,Anonymous Broker,Anonymous Broker
2019-02-01 12:00:36,750,5.54,Anonymous Broker,Anonymous Broker
2019-02-01 12:00:36,250,5.54,Anonymous Broker,Anonymous Broker
2019-02-01 12:00:36,7500,5.545,Anonymous Broker,Anonymous Broker
2019-02-01 12:00:36,600,5.54,Anonymous Broker,Anonymous Broker
2019-02-01 12:00:36,400,5.545,Anonymous Broker,Anonymous Broker
2019-02-01 12:00:34,6450,5.55,Anonymous Broker,Anonymous Broker
2019-02-01 12:00:34,605,5.55,Anonymous Broker,Anonymous Broker
2019-02-01 12:00:34,8939,5.55,Anonymous Broker,Anonymous Broker
2019-02-01 12:00:34,21600,5.55,Anonymous Broker,Anonymous Broker
2019-02-01 12:00:23,1000,5.55,Anonymous Broker,Anonymous Broker
2019-02-01 11:59:59,1000,5.55,Anonymous Broker,Anonymous Broker
2019-02-01 11:59:42,1200,5.55,Anonymous Broker,Anonymous Broker
2019-02-01 11:59:20,200,5.55,Anonymous Broker,Anonymous Broker
2019-02-01 11:58:38,200,5.55,Anonymous Broker,Anonymous Broker
2019-02-01 11:58:35,200,5.55,Anonymous Broker,Anonymous Broker
2019-02-01 11:58:07,200,5.55,Anonymous Broker,Anonymous Broker
2019-02-01 11:58:06,200,5.55,Anonymous Broker,Anonymous Broker
2019-02-01 11:57:56,7500,5.555,Anonymous Broker,Anonymous Broker
2019-02-01 11:57:56,8600,5.555,Anonymous Broker,Anonymous Broker
2019-02-01 11:57:54,200,5.55,Anonymous Broker,Anonymous Broker
2019-02-01 11:57:54,200,5.55,Anonymous Broker,Anonymous Broker
2019-02-01 11:57:43,9256,5.55,Anonymous Broker,Anonymous Broker
2019-02-01 11:57:43,3024,5.55,Anonymous Broker,Anonymous Broker
2019-02-01 11:57:43,6976,5.55,Anonymous Broker,Anonymous Broker
2019-02-01 11:57:43,3127,5.55,Anonymous Broker,Anonymous Broker
2019-02-01 11:57:43,7500,5.55,Anonymous Broker,Anonymous Broker
2019-02-01 11:57:43,9000,5.55,Anonymous Broker,Anonymous Broker
2019-02-01 11:57:43,2000,5.55,Anonymous Broker,Anonymous Broker
2019-02-01 11:57:43,19833,5.55,Anonymous Broker,Anonymous Broker
2019-02-01 11:57:43,45000,5.55,Anonymous Broker,Anonymous Broker
2019-02-01 11:57:43,300,5.55,Anonymous Broker,Anonymous Broker
2019-02-01 11:57:43,2000,5.55,Anonymous Broker,Anonymous Broker
2019-02-01 11:57:43,1621,5.55,Anonymous Broker,Anonymous Broker
2019-02-01 11:57:43,150,5.55,Anonymous Broker,Anonymous Broker
2019-02-01 11:57:43,8219,5.55,Anonymous Broker,Anonymous Broker
2019-02-01 11:57:43,1250,5.555,Anonymous Broker,Anonymous Broker
2019-02-01 11:57:32,200,5.56,Anonymous Broker,Anonymous Broker
2019-02-01 11:57:11,200,5.56,Anonymous Broker,Anonymous Broker
2019-02-01 11:57:07,9934,5.555,Anonymous Broker,Anonymous Broker
2019-02-01 11:57:07,7500,5.555,Anonymous Broker,Anonymous Broker
2019-02-01 11:57:07,5407,5.555,Anonymous Broker,Anonymous Broker
2019-02-01 11:57:07,5000,5.555,Anonymous Broker,Anonymous Broker
2019-02-01 11:57:07,7500,5.555,Anonymous Broker,Anonymous Broker
2019-02-01 11:57:07,7352,5.555,Anonymous Broker,Anonymous Broker
2019-02-01 11:57:07,200,5.555,Anonymous Broker,Anonymous Broker
2019-02-01 11:57:05,200,5.565,Anonymous Broker,Anonymous Broker
2019-02-01 11:56:50,4453,5.56,Anonymous Broker,Anonymous Broker
2019-02-01 11:56:50,4500,5.56,Anonymous Broker,Anonymous Broker
2019-02-01 11:56:50,4500,5.56,Anonymous Broker,Anonymous Broker
2019-02-01 11:56:50,4500,5.56,Anonymous Broker,Anonymous Broker
2019-02-01 11:56:50,9000,5.56,Anonymous Broker,Anonymous Broker
2019-02-01 11:56:50,2927,5.56,Anonymous Broker,Anonymous Broker
2019-02-01 11:56:50,7500,5.56,Anonymous Broker,Anonymous Broker
2019-02-01 11:56:23,7500,5.555,Anonymous Broker,Anonymous Broker
2019-02-01 11:56:23,5120,5.555,Anonymous Broker,Anonymous Broker
2019-02-01 11:55:21,2474,5.56,Anonymous Broker,Anonymous Broker
2019-02-01 11:55:21,305,5.56,Anonymous Broker,Anonymous Broker
2019-02-01 11:55:21,16781,5.55,Anonymous Broker,Anonymous Broker
2019-02-01 11:55:21,2500,5.55,Anonymous Broker,Anonymous Broker
2019-02-01 11:55:21,4000,5.55,Anonymous Broker,Anonymous Broker
2019-02-01 11:55:21,1000,5.55,Anonymous Broker,Anonymous Broker
2019-02-01 11:55:21,7000,5.55,Anonymous Broker,Anonymous Broker
2019-02-01 11:55:21,1000,5.55,Anonymous Broker,Anonymous Broker
2019-02-01 11:55:21,5000,5.555,Anonymous Broker,Anonymous Broker
2019-02-01 11:55:21,5407,5.555,Anonymous Broker,Anonymous Broker
2019-02-01 11:55:21,5000,5.555,Anonymous Broker,Anonymous Broker
2019-02-01 11:55:21,7500,5.555,Anonymous Broker,Anonymous Broker
2019-02-01 11:55:21,4000,5.555,Anonymous Broker,Anonymous Broker
2019-02-01 11:55:21,3000,5.555,Anonymous Broker,Anonymous Broker
2019-02-01 11:55:21,12274,5.56,Anonymous Broker,Anonymous Broker
2019-02-01 11:55:21,11840,5.56,Anonymous Broker,Anonymous Broker
2019-02-01 11:54:09,2196,5.56,Anonymous Broker,Anonymous Broker
2019-02-01 11:54:09,4500,5.56,Anonymous Broker,Anonymous Broker
2019-02-01 11:51:00,3589,5.56,Anonymous Broker,Anonymous Broker
2019-02-01 11:49:23,35167,5.55,Anonymous Broker,Anonymous Broker
2019-02-01 11:49:23,1000,5.55,Anonymous Broker,Anonymous Broker
2019-02-01 11:49:23,4000,5.55,Anonymous Broker,Anonymous Broker
2019-02-01 11:49:23,10000,5.55,Anonymous Broker,Anonymous Broker
2019-02-01 11:49:23,10000,5.555,Anonymous Broker,Anonymous Broker
2019-02-01 11:49:23,30000,5.555,Anonymous Broker,Anonymous Broker
2019-02-01 11:49:23,30000,5.555,Anonymous Broker,Anonymous Broker
2019-02-01 11:49:23,17833,5.555,Anonymous Broker,Anonymous Broker
2019-02-01 11:49:23,2000,5.555,Anonymous Broker,Anonymous Broker
2019-02-01 11:47:58,7789,5.56,Anonymous Broker,Anonymous Broker
2019-02-01 11:47:58,5746,5.56,Anonymous Broker,Anonymous Broker
2019-02-01 11:47:58,4000,5.56,Anonymous Broker,Anonymous Broker
2019-02-01 11:44:05,13807,5.56,Anonymous Broker,Anonymous Broker
2019-02-01 11:44:05,4823,5.56,Anonymous Broker,Anonymous Broker
2019-02-01 11:44:01,7500,5.565,Anonymous Broker,Anonymous Broker
2019-02-01 11:44:01,54700,5.56,Anonymous Broker,Anonymous Broker
2019-02-01 11:44:01,5407,5.56,Anonymous Broker,Anonymous Broker
2019-02-01 11:44:01,44000,5.56,Anonymous Broker,Anonymous Broker
2019-02-01 11:44:01,500,5.56,Anonymous Broker,Anonymous Broker
2019-02-01 11:44:01,5407,5.565,Anonymous Broker,Anonymous Broker
2019-02-01 11:44:01,7500,5.565,Anonymous Broker,Anonymous Broker
2019-02-01 11:44:01,498,5.565,Anonymous Broker,Anonymous Broker
2019-02-01 11:44:01,36788,5.565,Anonymous Broker,Anonymous Broker
2019-02-01 11:44:01,200,5.565,Anonymous Broker,Anonymous Broker
2019-02-01 11:43:40,151,5.57,Anonymous Broker,Anonymous Broker
2019-02-01 11:43:29,12000,5.57,Anonymous Broker,Anonymous Broker
2019-02-01 11:43:29,1364,5.57,Anonymous Broker,Anonymous Broker
2019-02-01 11:43:29,20000,5.57,Anonymous Broker,Anonymous Broker
2019-02-01 11:40:15,3444,5.57,Anonymous Broker,Anonymous Broker
2019-02-01 11:40:15,192,5.57,Anonymous Broker,Anonymous Broker
2019-02-01 11:37:54,10000,5.565,Anonymous Broker,Anonymous Broker
2019-02-01 11:37:25,80,5.57,Anonymous Broker,Anonymous Broker
2019-02-01 11:37:12,2728,5.57,Anonymous Broker,Anonymous Broker
2019-02-01 11:36:39,5000,5.57,Anonymous Broker,Anonymous Broker
2019-02-01 11:36:39,7233,5.57,Anonymous Broker,Anonymous Broker
2019-02-01 11:36:37,267,5.57,Anonymous Broker,Anonymous Broker
2019-02-01 11:36:37,250,5.575,Anonymous Broker,Anonymous Broker
2019-02-01 11:36:24,900,5.58,Anonymous Broker,Anonymous Broker
2019-02-01 11:36:22,1513,5.58,Anonymous Broker,Anonymous Broker
2019-02-01 11:36:05,3501,5.58,Anonymous Broker,Anonymous Broker
2019-02-01 11:36:05,4986,5.58,Anonymous Broker,Anonymous Broker
2019-02-01 11:36:05,2507,5.58,Anonymous Broker,Anonymous Broker
2019-02-01 11:36:05,7493,5.58,Anonymous Broker,Anonymous Broker
2019-02-01 11:36:05,7493,5.58,Anonymous Broker,Anonymous Broker
2019-02-01 11:36:05,10000,5.58,Anonymous Broker,Anonymous Broker
2019-02-01 11:33:15,7671,5.58,Anonymous Broker,Anonymous Broker
2019-02-01 11:33:15,3440,5.58,Anonymous Broker,Anonymous Broker
2019-02-01 11:33:15,2000,5.58,Anonymous Broker,Anonymous Broker
2019-02-01 11:31:20,8000,5.58,Anonymous Broker,Anonymous Broker
2019-02-01 11:29:58,3573,5.585,Anonymous Broker,Anonymous Broker
2019-02-01 11:27:26,200,5.585,Anonymous Broker,Anonymous Broker
2019-02-01 11:24:23,2000,5.58,Anonymous Broker,Anonymous Broker
2019-02-01 11:24:23,21000,5.58,Anonymous Broker,Anonymous Broker
2019-02-01 11:24:23,5000,5.58,Anonymous Broker,Anonymous Broker
2019-02-01 11:24:23,2500,5.58,Anonymous Broker,Anonymous Broker
2019-02-01 11:24:23,25,5.58,Anonymous Broker,Anonymous Broker
2019-02-01 11:24:23,8500,5.58,Anonymous Broker,Anonymous Broker
2019-02-01 11:24:23,38996,5.58,Anonymous Broker,Anonymous Broker
2019-02-01 11:24:23,2778,5.58,Anonymous Broker,Anonymous Broker
2019-02-01 11:24:23,55,5.58,Anonymous Broker,Anonymous Broker
2019-02-01 11:24:23,47770,5.58,Anonymous Broker,Anonymous Broker
2019-02-01 11:24:23,6222,5.58,Anonymous Broker,Anonymous Broker
2019-02-01 11:22:43,49,5.59,Anonymous Broker,Anonymous Broker
2019-02-01 11:22:32,40,5.59,Anonymous Broker,Anonymous Broker
2019-02-01 11:20:52,2000,5.58,Anonymous Broker,Anonymous Broker
2019-02-01 11:16:44,8000,5.585,Anonymous Broker,Anonymous Broker
2019-02-01 11:16:38,1225,5.595,Anonymous Broker,Anonymous Broker
2019-02-01 11:16:38,1225,5.595,Anonymous Broker,Anonymous Broker
2019-02-01 11:16:38,200,5.595,Anonymous Broker,Anonymous Broker
2019-02-01 11:16:38,2416,5.595,Anonymous Broker,Anonymous Broker
2019-02-01 11:16:38,5000,5.595,Anonymous Broker,Anonymous Broker
2019-02-01 11:16:38,7500,5.595,Anonymous Broker,Anonymous Broker
2019-02-01 11:16:38,5407,5.595,Anonymous Broker,Anonymous Broker
2019-02-01 11:16:38,10841,5.59,Anonymous Broker,Anonymous Broker
2019-02-01 11:16:38,6139,5.59,Anonymous Broker,Anonymous Broker
2019-02-01 11:16:38,12636,5.59,Anonymous Broker,Anonymous Broker
2019-02-01 11:16:38,6139,5.59,Anonymous Broker,Anonymous Broker
2019-02-01 11:16:38,1510,5.59,Anonymous Broker,Anonymous Broker
2019-02-01 11:16:38,7500,5.59,Anonymous Broker,Anonymous Broker
2019-02-01 11:16:38,3142,5.59,Anonymous Broker,Anonymous Broker
2019-02-01 11:16:38,3624,5.59,Anonymous Broker,Anonymous Broker
2019-02-01 11:16:38,2999,5.59,Anonymous Broker,Anonymous Broker
2019-02-01 11:15:25,98,5.59,Anonymous Broker,Anonymous Broker
2019-02-01 11:13:38,3042,5.59,Anonymous Broker,Anonymous Broker
2019-02-01 11:13:38,500,5.59,Anonymous Broker,Anonymous Broker
2019-02-01 11:12:00,2,5.58,Anonymous Broker,Anonymous Broker
2019-02-01 11:11:38,2000,5.585,Anonymous Broker,Anonymous Broker
2019-02-01 11:11:38,1000,5.585,Anonymous Broker,Anonymous Broker
2019-02-01 11:11:38,2542,5.585,Anonymous Broker,Anonymous Broker
2019-02-01 11:11:38,941,5.585,Anonymous Broker,Anonymous Broker
2019-02-01 11:11:38,2,5.585,Anonymous Broker,Anonymous Broker
2019-02-01 11:11:26,7,5.585,Anonymous Broker,Anonymous Broker
2019-02-01 11:11:07,7500,5.59,Anonymous Broker,Anonymous Broker
2019-02-01 11:11:07,5407,5.59,Anonymous Broker,Anonymous Broker
2019-02-01 11:11:07,10710,5.59,Anonymous Broker,Anonymous Broker
2019-02-01 11:11:07,122,5.59,Anonymous Broker,Anonymous Broker
2019-02-01 11:11:07,9997,5.59,Anonymous Broker,Anonymous Broker
2019-02-01 11:11:07,6513,5.59,Anonymous Broker,Anonymous Broker
2019-02-01 11:10:52,737,5.59,Anonymous Broker,Anonymous Broker
2019-02-01 11:09:41,3,5.59,Anonymous Broker,Anonymous Broker
2019-02-01 11:09:32,350,5.6,Anonymous Broker,Anonymous Broker
2019-02-01 11:09:28,345,5.595,Anonymous Broker,Anonymous Broker
2019-02-01 11:09:28,9487,5.595,Anonymous Broker,Anonymous Broker
2019-02-01 11:09:28,2,5.595,Anonymous Broker,Anonymous Broker
2019-02-01 11:07:48,9713,5.6,Anonymous Broker,Anonymous Broker
2019-02-01 11:07:48,287,5.6,Anonymous Broker,Anonymous Broker
2019-02-01 11:07:48,3612,5.6,Anonymous Broker,Anonymous Broker
2019-02-01 11:07:48,3351,5.595,Anonymous Broker,Anonymous Broker
2019-02-01 11:05:44,50,5.595,Anonymous Broker,Anonymous Broker
2019-02-01 11:05:23,1000,5.595,Anonymous Broker,Anonymous Broker
2019-02-01 11:04:06,3170,5.595,Anonymous Broker,Anonymous Broker
2019-02-01 11:04:06,6830,5.595,Anonymous Broker,Anonymous Broker
2019-02-01 11:03:19,590,5.595,Anonymous Broker,Anonymous Broker
2019-02-01 11:02:51,900,5.6,Anonymous Broker,Anonymous Broker
2019-02-01 11:02:20,2988,5.6,Anonymous Broker,Anonymous Broker
2019-02-01 11:02:20,2012,5.6,Anonymous Broker,Anonymous Broker
2019-02-01 11:00:36,989,5.59,Anonymous Broker,Anonymous Broker
2019-02-01 11:00:36,7315,5.59,Anonymous Broker,Anonymous Broker
2019-02-01 11:00:36,1696,5.59,Anonymous Broker,Anonymous Broker
2019-02-01 11:00:03,700,5.59,Anonymous Broker,Anonymous Broker
2019-02-01 10:58:43,4,5.59,Anonymous Broker,Anonymous Broker
2019-02-01 10:58:15,4550,5.6,Anonymous Broker,Anonymous Broker
2019-02-01 10:56:13,3438,5.6,Anonymous Broker,Anonymous Broker
2019-02-01 10:56:13,7500,5.6,Anonymous Broker,Anonymous Broker
2019-02-01 10:56:13,3062,5.595,Anonymous Broker,Anonymous Broker
2019-02-01 10:56:01,4033,5.59,Anonymous Broker,Anonymous Broker
2019-02-01 10:56:01,5967,5.59,Anonymous Broker,Anonymous Broker
2019-02-01 10:56:01,3482,5.59,Anonymous Broker,Anonymous Broker
2019-02-01 10:56:01,2141,5.59,Anonymous Broker,Anonymous Broker
2019-02-01 10:54:37,37,5.59,Anonymous Broker,Anonymous Broker
2019-02-01 10:51:57,430,5.585,Anonymous Broker,Anonymous Broker
2019-02-01 10:51:06,345,5.58,Anonymous Broker,Anonymous Broker
2019-02-01 10:50:40,9,5.59,Anonymous Broker,Anonymous Broker
2019-02-01 10:49:17,2,5.58,Anonymous Broker,Anonymous Broker
2019-02-01 10:49:05,1500,5.59,Anonymous Broker,Anonymous Broker
2019-02-01 10:48:59,5758,5.59,Anonymous Broker,Anonymous Broker
2019-02-01 10:48:58,5000,5.585,Anonymous Broker,Anonymous Broker
2019-02-01 10:48:58,7500,5.585,Anonymous Broker,Anonymous Broker
2019-02-01 10:48:58,7000,5.585,Anonymous Broker,Anonymous Broker
2019-02-01 10:48:58,3000,5.59,Anonymous Broker,Anonymous Broker
2019-02-01 10:47:46,1100,5.59,Anonymous Broker,Anonymous Broker
2019-02-01 10:47:46,27832,5.59,Anonymous Broker,Anonymous Broker
2019-02-01 10:47:46,536,5.59,Anonymous Broker,Anonymous Broker
2019-02-01 10:46:26,400,5.59,Anonymous Broker,Anonymous Broker
2019-02-01 10:45:03,20,5.59,Anonymous Broker,Anonymous Broker
2019-02-01 10:42:56,93,5.59,Anonymous Broker,Anonymous Broker
2019-02-01 10:42:52,51,5.59,Anonymous Broker,Anonymous Broker
2019-02-01 10:42:11,1000,5.585,Anonymous Broker,Anonymous Broker
2019-02-01 10:42:11,341,5.585,Anonymous Broker,Anonymous Broker
2019-02-01 10:42:11,8229,5.585,Anonymous Broker,Anonymous Broker
2019-02-01 10:42:11,2687,5.585,Anonymous Broker,Anonymous Broker
2019-02-01 10:42:07,2000,5.59,Anonymous Broker,Anonymous Broker
2019-02-01 10:37:35,2000,5.595,Anonymous Broker,Anonymous Broker
2019-02-01 10:37:15,850,5.595,Anonymous Broker,Anonymous Broker
2019-02-01 10:35:47,2000,5.595,Anonymous Broker,Anonymous Broker
2019-02-01 10:33:43,2515,5.595,Anonymous Broker,Anonymous Broker
2019-02-01 10:33:43,5100,5.595,Anonymous Broker,Anonymous Broker
2019-02-01 10:33:43,7500,5.595,Anonymous Broker,Anonymous Broker
2019-02-01 10:33:43,5000,5.595,Anonymous Broker,Anonymous Broker
2019-02-01 10:32:36,1508,5.595,Anonymous Broker,Anonymous Broker
2019-02-01 10:32:05,12607,5.585,Anonymous Broker,Anonymous Broker
2019-02-01 10:31:01,230,5.58,Anonymous Broker,Anonymous Broker
2019-02-01 10:31:01,770,5.58,Anonymous Broker,Anonymous Broker
2019-02-01 10:30:16,1432,5.59,Anonymous Broker,Anonymous Broker
2019-02-01 10:29:54,500,5.59,Anonymous Broker,Anonymous Broker
2019-02-01 10:29:10,25,5.59,Anonymous Broker,Anonymous Broker
2019-02-01 10:28:54,1792,5.585,Anonymous Broker,Anonymous Broker
2019-02-01 10:28:54,5771,5.585,Anonymous Broker,Anonymous Broker
2019-02-01 10:28:37,6000,5.59,Anonymous Broker,Anonymous Broker
2019-02-01 10:28:37,6000,5.59,Anonymous Broker,Anonymous Broker
2019-02-01 10:28:37,444,5.595,Anonymous Broker,Anonymous Broker
2019-02-01 10:28:37,2756,5.59,Anonymous Broker,Anonymous Broker
2019-02-01 10:28:37,6000,5.59,Anonymous Broker,Anonymous Broker
2019-02-01 10:28:37,7500,5.59,Anonymous Broker,Anonymous Broker
2019-02-01 10:28:27,2,5.58,Anonymous Broker,Anonymous Broker
2019-02-01 10:27:47,2593,5.585,Anonymous Broker,Anonymous Broker
2019-02-01 10:27:21,1554,5.585,Anonymous Broker,Anonymous Broker
2019-02-01 10:27:21,3568,5.59,Anonymous Broker,Anonymous Broker
2019-02-01 10:27:21,7258,5.59,Anonymous Broker,Anonymous Broker
2019-02-01 10:26:35,15600,5.59,Anonymous Broker,Anonymous Broker
2019-02-01 10:25:14,10,5.595,Anonymous Broker,Anonymous Broker
2019-02-01 10:24:08,2,5.585,Anonymous Broker,Anonymous Broker
2019-02-01 10:23:58,7814,5.59,Anonymous Broker,Anonymous Broker
2019-02-01 10:23:53,1186,5.59,Anonymous Broker,Anonymous Broker
2019-02-01 10:22:49,4887,5.59,Anonymous Broker,Anonymous Broker
2019-02-01 10:22:47,7500,5.59,Anonymous Broker,Anonymous Broker
2019-02-01 10:22:47,5677,5.59,Anonymous Broker,Anonymous Broker
2019-02-01 10:22:47,2348,5.59,Anonymous Broker,Anonymous Broker
2019-02-01 10:22:47,5677,5.59,Anonymous Broker,Anonymous Broker
2019-02-01 10:22:47,5677,5.59,Anonymous Broker,Anonymous Broker
2019-02-01 10:22:47,7500,5.59,Anonymous Broker,Anonymous Broker
2019-02-01 10:22:47,56870,5.59,Anonymous Broker,Anonymous Broker
2019-02-01 10:22:16,1000,5.585,Anonymous Broker,Anonymous Broker
2019-02-01 10:22:15,7500,5.59,Anonymous Broker,Anonymous Broker
2019-02-01 10:22:15,840,5.59,Anonymous Broker,Anonymous Broker
2019-02-01 10:22:15,5000,5.59,Anonymous Broker,Anonymous Broker
2019-02-01 10:22:15,12350,5.59,Anonymous Broker,Anonymous Broker
2019-02-01 10:22:15,5000,5.59,Anonymous Broker,Anonymous Broker
2019-02-01 10:22:15,5000,5.59,Anonymous Broker,Anonymous Broker
2019-02-01 10:22:15,12000,5.59,Anonymous Broker,Anonymous Broker
2019-02-01 10:22:15,350,5.59,Anonymous Broker,Anonymous Broker
2019-02-01 10:22:15,20000,5.59,Anonymous Broker,Anonymous Broker
2019-02-01 10:22:10,7500,5.595,Anonymous Broker,Anonymous Broker
2019-02-01 10:22:10,15099,5.595,Anonymous Broker,Anonymous Broker
2019-02-01 10:22:10,9901,5.595,Anonymous Broker,Anonymous Broker
2019-02-01 10:22:04,8686,5.6,Anonymous Broker,Anonymous Broker
2019-02-01 10:22:04,2005,5.6,Anonymous Broker,Anonymous Broker
2019-02-01 10:22:04,8299,5.6,Anonymous Broker,Anonymous Broker
2019-02-01 10:22:04,2005,5.6,Anonymous Broker,Anonymous Broker
2019-02-01 10:22:04,2005,5.6,Anonymous Broker,Anonymous Broker
2019-02-01 10:22:04,5162,5.6,Anonymous Broker,Anonymous Broker
2019-02-01 10:22:04,376,5.6,Anonymous Broker,Anonymous Broker
2019-02-01 10:22:04,710,5.6,Anonymous Broker,Anonymous Broker
2019-02-01 10:22:04,8766,5.6,Anonymous Broker,Anonymous Broker
2019-02-01 10:22:04,2991,5.6,Anonymous Broker,Anonymous Broker
2019-02-01 10:21:51,545,5.61,Anonymous Broker,Anonymous Broker
2019-02-01 10:21:35,335,5.61,Anonymous Broker,Anonymous Broker
2019-02-01 10:20:56,9,5.6,Anonymous Broker,Anonymous Broker
2019-02-01 10:20:38,238,5.61,Anonymous Broker,Anonymous Broker
2019-02-01 10:20:36,90,5.61,Anonymous Broker,Anonymous Broker
2019-02-01 10:17:23,10000,5.61,Anonymous Broker,Anonymous Broker
2019-02-01 10:16:10,1499,5.605,Anonymous Broker,Anonymous Broker
2019-02-01 10:16:09,9770,5.605,Anonymous Broker,Anonymous Broker
2019-02-01 10:16:09,4500,5.605,Anonymous Broker,Anonymous Broker
2019-02-01 10:16:09,166,5.605,Anonymous Broker,Anonymous Broker
2019-02-01 10:15:21,1750,5.61,Anonymous Broker,Anonymous Broker
2019-02-01 10:14:51,430,5.61,Anonymous Broker,Anonymous Broker
2019-02-01 10:14:29,503,5.61,Anonymous Broker,Anonymous Broker
2019-02-01 10:14:28,2500,5.61,Anonymous Broker,Anonymous Broker
2019-02-01 10:13:56,2900,5.605,Anonymous Broker,Anonymous Broker
2019-02-01 10:12:49,5019,5.6,Anonymous Broker,Anonymous Broker
2019-02-01 10:12:46,2923,5.6,Anonymous Broker,Anonymous Broker
2019-02-01 10:12:46,13077,5.6,Anonymous Broker,Anonymous Broker
2019-02-01 10:10:12,301,5.59,Anonymous Broker,Anonymous Broker
2019-02-01 10:10:12,377,5.59,Anonymous Broker,Anonymous Broker
2019-02-01 10:10:12,75,5.59,Anonymous Broker,Anonymous Broker
2019-02-01 10:09:31,1000,5.6,Anonymous Broker,Anonymous Broker
2019-02-01 10:09:28,350,5.6,Anonymous Broker,Anonymous Broker
2019-02-01 10:08:00,598349,5.6,Anonymous Broker,Anonymous Broker
2019-02-01 10:06:41,2450,5.6,Anonymous Broker,Anonymous Broker
2019-02-01 10:06:34,7350,5.6,Anonymous Broker,Anonymous Broker
2019-02-01 10:06:34,150,5.6,Anonymous Broker,Anonymous Broker
2019-02-01 10:06:03,678,5.59,Anonymous Broker,Anonymous Broker
2019-02-01 10:05:40,2500,5.6,Anonymous Broker,Anonymous Broker
2019-02-01 10:04:33,2000,5.6,Anonymous Broker,Anonymous Broker
2019-02-01 10:04:22,5000,5.6,Anonymous Broker,Anonymous Broker
2019-02-01 10:03:04,255,5.6,Anonymous Broker,Anonymous Broker
2019-02-01 10:02:45,6882,5.6,Anonymous Broker,Anonymous Broker
2019-02-01 10:02:45,8118,5.6,Anonymous Broker,Anonymous Broker
2019-02-01 10:02:20,505,5.6,Anonymous Broker,Anonymous Broker
2019-02-01 10:00:41,1377,5.6,Anonymous Broker,Anonymous Broker
2019-02-01 10:00:26,2899,5.595,Anonymous Broker,Anonymous Broker
2019-02-01 10:00:26,12101,5.595,Anonymous Broker,Anonymous Broker
2019-02-01 09:59:49,2400,5.595,Anonymous Broker,Anonymous Broker
2019-02-01 09:59:31,1500,5.595,Anonymous Broker,Anonymous Broker
2019-02-01 09:59:11,6717,5.59,Anonymous Broker,Anonymous Broker
2019-02-01 09:59:11,100,5.59,Anonymous Broker,Anonymous Broker
2019-02-01 09:59:11,3183,5.59,Anonymous Broker,Anonymous Broker
2019-02-01 09:59:03,533,5.59,Anonymous Broker,Anonymous Broker
2019-02-01 09:58:54,1450,5.595,Anonymous Broker,Anonymous Broker
2019-02-01 09:58:26,3840,5.59,Anonymous Broker,Anonymous Broker
2019-02-01 09:57:31,2000,5.595,Anonymous Broker,Anonymous Broker
2019-02-01 09:56:48,2000,5.595,Anonymous Broker,Anonymous Broker
2019-02-01 09:56:24,10711,5.595,Anonymous Broker,Anonymous Broker
2019-02-01 09:56:15,14201,5.595,Anonymous Broker,Anonymous Broker
2019-02-01 09:56:11,19289,5.59,Anonymous Broker,Anonymous Broker
2019-02-01 09:55:12,100,5.59,Anonymous Broker,Anonymous Broker
2019-02-01 09:55:10,1000,5.59,Anonymous Broker,Anonymous Broker
2019-02-01 09:55:10,536,5.59,Anonymous Broker,Anonymous Broker
2019-02-01 09:55:00,177,5.6,Anonymous Broker,Anonymous Broker
2019-02-01 09:54:51,5469,5.6,Anonymous Broker,Anonymous Broker
2019-02-01 09:54:51,2000,5.6,Anonymous Broker,Anonymous Broker
2019-02-01 09:54:51,57912,5.6,Anonymous Broker,Anonymous Broker
2019-02-01 09:54:51,2000,5.6,Anonymous Broker,Anonymous Broker
2019-02-01 09:54:51,619,5.6,Anonymous Broker,Anonymous Broker
2019-02-01 09:54:51,2800,5.6,Anonymous Broker,Anonymous Broker
2019-02-01 09:54:51,25000,5.6,Anonymous Broker,Anonymous Broker
2019-02-01 09:54:51,931,5.6,Anonymous Broker,Anonymous Broker
2019-02-01 09:54:51,2505,5.6,Anonymous Broker,Anonymous Broker
2019-02-01 09:54:51,2000,5.6,Anonymous Broker,Anonymous Broker
2019-02-01 09:54:51,1800,5.6,Anonymous Broker,Anonymous Broker
2019-02-01 09:54:51,23395,5.6,Anonymous Broker,Anonymous Broker
2019-02-01 09:54:51,1481,5.6,Anonymous Broker,Anonymous Broker
2019-02-01 09:54:51,619,5.6,Anonymous Broker,Anonymous Broker
2019-02-01 09:54:39,19911,5.605,Anonymous Broker,Anonymous Broker
2019-02-01 09:54:39,89,5.605,Anonymous Broker,Anonymous Broker
2019-02-01 09:54:39,7500,5.605,Anonymous Broker,Anonymous Broker
2019-02-01 09:54:39,5000,5.605,Anonymous Broker,Anonymous Broker
2019-02-01 09:54:24,700,5.615,Anonymous Broker,Anonymous Broker
2019-02-01 09:54:24,1000,5.61,Anonymous Broker,Anonymous Broker
2019-02-01 09:54:21,2000,5.61,Anonymous Broker,Anonymous Broker
2019-02-01 09:54:08,96,5.615,Anonymous Broker,Anonymous Broker
2019-02-01 09:53:33,2000,5.615,Anonymous Broker,Anonymous Broker
2019-02-01 09:53:27,21500,5.61,Anonymous Broker,Anonymous Broker
2019-02-01 09:53:27,8163,5.615,Anonymous Broker,Anonymous Broker
2019-02-01 09:53:27,1000,5.615,Anonymous Broker,Anonymous Broker
2019-02-01 09:52:05,1,5.61,Anonymous Broker,Anonymous Broker
2019-02-01 09:52:05,949,5.61,Anonymous Broker,Anonymous Broker
2019-02-01 09:51:56,3500,5.61,Anonymous Broker,Anonymous Broker
2019-02-01 09:49:57,3250,5.61,Anonymous Broker,Anonymous Broker
2019-02-01 09:49:41,6596,5.615,Anonymous Broker,Anonymous Broker
2019-02-01 09:49:35,13580,5.615,Anonymous Broker,Anonymous Broker
2019-02-01 09:49:35,7500,5.61,Anonymous Broker,Anonymous Broker
2019-02-01 09:49:35,420,5.61,Anonymous Broker,Anonymous Broker
2019-02-01 09:48:59,6565,5.61,Anonymous Broker,Anonymous Broker
2019-02-01 09:48:59,3,5.61,Anonymous Broker,Anonymous Broker
2019-02-01 09:48:59,686,5.615,Anonymous Broker,Anonymous Broker
2019-02-01 09:48:59,1000,5.615,Anonymous Broker,Anonymous Broker
2019-02-01 09:46:21,5567,5.615,Anonymous Broker,Anonymous Broker
2019-02-01 09:46:21,3467,5.615,Anonymous Broker,Anonymous Broker
2019-02-01 09:46:21,13500,5.615,Anonymous Broker,Anonymous Broker
2019-02-01 09:46:21,6500,5.615,Anonymous Broker,Anonymous Broker
2019-02-01 09:46:06,1000,5.615,Anonymous Broker,Anonymous Broker
2019-02-01 09:45:13,13346,5.62,Anonymous Broker,Anonymous Broker
2019-02-01 09:45:13,5407,5.62,Anonymous Broker,Anonymous Broker
2019-02-01 09:45:13,6000,5.62,Anonymous Broker,Anonymous Broker
2019-02-01 09:45:13,7500,5.62,Anonymous Broker,Anonymous Broker
2019-02-01 09:45:13,2981,5.62,Anonymous Broker,Anonymous Broker
2019-02-01 09:45:13,6000,5.615,Anonymous Broker,Anonymous Broker
2019-02-01 09:45:13,5407,5.615,Anonymous Broker,Anonymous Broker
2019-02-01 09:45:13,7500,5.615,Anonymous Broker,Anonymous Broker
2019-02-01 09:45:13,31631,5.615,Anonymous Broker,Anonymous Broker
2019-02-01 09:45:13,9728,5.61,Anonymous Broker,Anonymous Broker
2019-02-01 09:45:13,7500,5.61,Anonymous Broker,Anonymous Broker
2019-02-01 09:45:03,6509,5.61,Anonymous Broker,Anonymous Broker
2019-02-01 09:45:03,10000,5.61,Anonymous Broker,Anonymous Broker
2019-02-01 09:44:19,460,5.62,Anonymous Broker,Anonymous Broker
2019-02-01 09:43:15,7500,5.615,Anonymous Broker,Anonymous Broker
2019-02-01 09:43:15,7500,5.615,Anonymous Broker,Anonymous Broker
2019-02-01 09:43:01,105,5.62,Anonymous Broker,Anonymous Broker
2019-02-01 09:43:01,105,5.62,Anonymous Broker,Anonymous Broker
2019-02-01 09:43:01,105,5.62,Anonymous Broker,Anonymous Broker
2019-02-01 09:43:01,105,5.62,Anonymous Broker,Anonymous Broker
2019-02-01 09:43:00,105,5.62,Anonymous Broker,Anonymous Broker
2019-02-01 09:43:00,34,5.62,Anonymous Broker,Anonymous Broker
2019-02-01 09:43:00,71,5.62,Anonymous Broker,Anonymous Broker
2019-02-01 09:43:00,105,5.62,Anonymous Broker,Anonymous Broker
2019-02-01 09:43:00,105,5.62,Anonymous Broker,Anonymous Broker
2019-02-01 09:43:00,105,5.62,Anonymous Broker,Anonymous Broker
2019-02-01 09:42:58,105,5.62,Anonymous Broker,Anonymous Broker
2019-02-01 09:42:58,105,5.62,Anonymous Broker,Anonymous Broker
2019-02-01 09:42:55,105,5.62,Anonymous Broker,Anonymous Broker
2019-02-01 09:42:55,105,5.62,Anonymous Broker,Anonymous Broker
2019-02-01 09:42:55,210,5.62,Anonymous Broker,Anonymous Broker
2019-02-01 09:42:55,105,5.62,Anonymous Broker,Anonymous Broker
2019-02-01 09:42:55,105,5.62,Anonymous Broker,Anonymous Broker
2019-02-01 09:42:55,105,5.62,Anonymous Broker,Anonymous Broker
2019-02-01 09:42:55,105,5.62,Anonymous Broker,Anonymous Broker
2019-02-01 09:42:35,105,5.62,Anonymous Broker,Anonymous Broker
2019-02-01 09:42:35,105,5.62,Anonymous Broker,Anonymous Broker
2019-02-01 09:42:35,105,5.62,Anonymous Broker,Anonymous Broker
2019-02-01 09:41:44,7000,5.62,Anonymous Broker,Anonymous Broker
2019-02-01 09:41:17,1000,5.62,Anonymous Broker,Anonymous Broker
2019-02-01 09:40:50,20000,5.62,Anonymous Broker,Anonymous Broker
2019-02-01 09:40:04,4281,5.625,Anonymous Broker,Anonymous Broker
2019-02-01 09:40:02,2500,5.62,Anonymous Broker,Anonymous Broker
2019-02-01 09:40:02,7500,5.62,Anonymous Broker,Anonymous Broker
2019-02-01 09:40:01,7500,5.615,Anonymous Broker,Anonymous Broker
2019-02-01 09:40:00,10339,5.62,Anonymous Broker,Anonymous Broker
2019-02-01 09:40:00,7500,5.62,Anonymous Broker,Anonymous Broker
2019-02-01 09:39:58,21100,5.625,Anonymous Broker,Anonymous Broker
2019-02-01 09:39:58,357,5.625,Anonymous Broker,Anonymous Broker
2019-02-01 09:39:58,100,5.625,Anonymous Broker,Anonymous Broker
2019-02-01 09:39:58,2000,5.625,Anonymous Broker,Anonymous Broker
2019-02-01 09:39:58,7500,5.625,Anonymous Broker,Anonymous Broker
2019-02-01 09:39:58,5552,5.63,Anonymous Broker,Anonymous Broker
2019-02-01 09:39:58,6993,5.63,Anonymous Broker,Anonymous Broker
2019-02-01 09:39:51,12500,5.64,Anonymous Broker,Anonymous Broker
2019-02-01 09:39:51,7500,5.64,Anonymous Broker,Anonymous Broker
2019-02-01 09:39:50,5933,5.635,Anonymous Broker,Anonymous Broker
2019-02-01 09:39:50,5933,5.64,Anonymous Broker,Anonymous Broker
2019-02-01 09:39:46,179,5.635,Anonymous Broker,Anonymous Broker
2019-02-01 09:39:46,5000,5.635,Anonymous Broker,Anonymous Broker
2019-02-01 09:39:46,20000,5.635,Anonymous Broker,Anonymous Broker
2019-02-01 09:39:45,64000,5.63,Anonymous Broker,Anonymous Broker
2019-02-01 09:39:45,3000,5.63,Anonymous Broker,Anonymous Broker
2019-02-01 09:39:45,5000,5.63,Anonymous Broker,Anonymous Broker
2019-02-01 09:39:45,4500,5.63,Anonymous Broker,Anonymous Broker
2019-02-01 09:39:45,3000,5.63,Anonymous Broker,Anonymous Broker
2019-02-01 09:39:45,15000,5.63,Anonymous Broker,Anonymous Broker
2019-02-01 09:39:45,80672,5.63,Anonymous Broker,Anonymous Broker
2019-02-01 09:39:45,2795,5.63,Anonymous Broker,Anonymous Broker
2019-02-01 09:39:45,10000,5.63,Anonymous Broker,Anonymous Broker
2019-02-01 09:39:38,2308,5.625,Anonymous Broker,Anonymous Broker
2019-02-01 09:39:38,5179,5.625,Anonymous Broker,Anonymous Broker
2019-02-01 09:39:38,20000,5.625,Anonymous Broker,Anonymous Broker
2019-02-01 09:39:37,7644,5.625,Anonymous Broker,Anonymous Broker
2019-02-01 09:39:08,8485,5.625,Anonymous Broker,Anonymous Broker
2019-02-01 09:39:08,1515,5.625,Anonymous Broker,Anonymous Broker
2019-02-01 09:39:08,5933,5.625,Anonymous Broker,Anonymous Broker
2019-02-01 09:39:08,7500,5.625,Anonymous Broker,Anonymous Broker
2019-02-01 09:39:06,4558,5.625,Anonymous Broker,Anonymous Broker
2019-02-01 09:39:06,16400,5.625,Anonymous Broker,Anonymous Broker
2019-02-01 09:39:06,15000,5.625,Anonymous Broker,Anonymous Broker
2019-02-01 09:39:06,10000,5.625,Anonymous Broker,Anonymous Broker
2019-02-01 09:39:05,10000,5.625,Anonymous Broker,Anonymous Broker
2019-02-01 09:39:04,4565,5.62,Anonymous Broker,Anonymous Broker
2019-02-01 09:39:04,12272,5.62,Anonymous Broker,Anonymous Broker
2019-02-01 09:39:04,15000,5.62,Anonymous Broker,Anonymous Broker
2019-02-01 09:39:04,23395,5.62,Anonymous Broker,Anonymous Broker
2019-02-01 09:39:04,10000,5.62,Anonymous Broker,Anonymous Broker
2019-02-01 09:38:53,12629,5.615,Anonymous Broker,Anonymous Broker
2019-02-01 09:38:53,2371,5.615,Anonymous Broker,Anonymous Broker
2019-02-01 09:38:53,7629,5.615,Anonymous Broker,Anonymous Broker
2019-02-01 09:38:30,17489,5.61,Anonymous Broker,Anonymous Broker
2019-02-01 09:38:30,11976,5.61,Anonymous Broker,Anonymous Broker
2019-02-01 09:38:30,356,5.61,Anonymous Broker,Anonymous Broker
2019-02-01 09:37:36,5000,5.605,Anonymous Broker,Anonymous Broker
2019-02-01 09:37:36,704,5.605,Anonymous Broker,Anonymous Broker
2019-02-01 09:37:36,2795,5.605,Anonymous Broker,Anonymous Broker
2019-02-01 09:37:36,346,5.605,Anonymous Broker,Anonymous Broker
2019-02-01 09:37:36,12654,5.605,Anonymous Broker,Anonymous Broker
2019-02-01 09:37:33,6207,5.605,Anonymous Broker,Anonymous Broker
2019-02-01 09:37:15,249,5.605,Anonymous Broker,Anonymous Broker
2019-02-01 09:36:28,5826,5.6,Anonymous Broker,Anonymous Broker
2019-02-01 09:36:28,5000,5.6,Anonymous Broker,Anonymous Broker
2019-02-01 09:36:28,28529,5.6,Anonymous Broker,Anonymous Broker
2019-02-01 09:36:28,6500,5.6,Anonymous Broker,Anonymous Broker
2019-02-01 09:35:14,1000,5.6,Anonymous Broker,Anonymous Broker
2019-02-01 09:33:42,3120,5.6,Anonymous Broker,Anonymous Broker
2019-02-01 09:33:42,6850,5.6,Anonymous Broker,Anonymous Broker
2019-02-01 09:33:42,5407,5.6,Anonymous Broker,Anonymous Broker
2019-02-01 09:33:42,7500,5.6,Anonymous Broker,Anonymous Broker
2019-02-01 09:33:42,7500,5.595,Anonymous Broker,Anonymous Broker
2019-02-01 09:33:42,3073,5.595,Anonymous Broker,Anonymous Broker
2019-02-01 09:33:42,13293,5.595,Anonymous Broker,Anonymous Broker
2019-02-01 09:33:42,22020,5.595,Anonymous Broker,Anonymous Broker
2019-02-01 09:33:30,5521,5.59,Anonymous Broker,Anonymous Broker
2019-02-01 09:33:30,9479,5.59,Anonymous Broker,Anonymous Broker
2019-02-01 09:33:20,200,5.595,Anonymous Broker,Anonymous Broker
2019-02-01 09:31:46,6000,5.595,Anonymous Broker,Anonymous Broker
2019-02-01 09:31:27,5000,5.595,Anonymous Broker,Anonymous Broker
2019-02-01 09:30:52,28874,5.59,Anonymous Broker,Anonymous Broker
2019-02-01 09:30:52,1571,5.59,Anonymous Broker,Anonymous Broker
2019-02-01 09:30:52,6553,5.59,Anonymous Broker,Anonymous Broker
2019-02-01 09:30:52,7500,5.59,Anonymous Broker,Anonymous Broker
2019-02-01 09:30:52,8582,5.59,Anonymous Broker,Anonymous Broker
2019-02-01 09:30:47,16653,5.59,Anonymous Broker,Anonymous Broker
2019-02-01 09:30:47,824,5.59,Anonymous Broker,Anonymous Broker
2019-02-01 09:30:47,8046,5.59,Anonymous Broker,Anonymous Broker
2019-02-01 09:30:47,24493,5.59,Anonymous Broker,Anonymous Broker
2019-02-01 09:30:47,1386,5.59,Anonymous Broker,Anonymous Broker
2019-02-01 09:30:47,7879,5.59,Anonymous Broker,Anonymous Broker
2019-02-01 09:30:47,511,5.59,Anonymous Broker,Anonymous Broker
2019-02-01 09:30:47,8489,5.59,Anonymous Broker,Anonymous Broker
2019-02-01 09:30:47,407,5.59,Anonymous Broker,Anonymous Broker
2019-02-01 09:30:47,8593,5.59,Anonymous Broker,Anonymous Broker
2019-02-01 09:30:47,17809,5.59,Anonymous Broker,Anonymous Broker
2019-02-01 09:30:47,8070,5.59,Anonymous Broker,Anonymous Broker
2019-02-01 09:30:47,7500,5.59,Anonymous Broker,Anonymous Broker
2019-02-01 09:30:47,8046,5.59,Anonymous Broker,Anonymous Broker
2019-02-01 09:30:47,17833,5.59,Anonymous Broker,Anonymous Broker
2019-02-01 09:30:47,6408,5.595,Anonymous Broker,Anonymous Broker
2019-02-01 09:30:47,950,5.595,Anonymous Broker,Anonymous Broker
2019-02-01 09:30:47,6189,5.595,Anonymous Broker,Anonymous Broker
2019-02-01 09:30:47,7500,5.595,Anonymous Broker,Anonymous Broker
2019-02-01 09:30:35,1512,5.6,Anonymous Broker,Anonymous Broker
2019-02-01 09:29:48,870,5.605,Anonymous Broker,Anonymous Broker
2019-02-01 09:29:09,20,5.605,Anonymous Broker,Anonymous Broker
2019-02-01 09:28:47,9000,5.6,Anonymous Broker,Anonymous Broker
2019-02-01 09:28:47,4519,5.6,Anonymous Broker,Anonymous Broker
2019-02-01 09:28:47,4969,5.6,Anonymous Broker,Anonymous Broker
2019-02-01 09:28:45,17557,5.6,Anonymous Broker,Anonymous Broker
2019-02-01 09:28:02,9699,5.595,Anonymous Broker,Anonymous Broker
2019-02-01 09:28:02,2000,5.595,Anonymous Broker,Anonymous Broker
2019-02-01 09:27:37,4000,5.59,Anonymous Broker,Anonymous Broker
2019-02-01 09:27:37,80,5.59,Anonymous Broker,Anonymous Broker
2019-02-01 09:27:20,1700,5.59,Anonymous Broker,Anonymous Broker
2019-02-01 09:27:20,5300,5.59,Anonymous Broker,Anonymous Broker
2019-02-01 09:27:18,14500,5.595,Anonymous Broker,Anonymous Broker
2019-02-01 09:27:18,7500,5.595,Anonymous Broker,Anonymous Broker
2019-02-01 09:27:18,3000,5.59,Anonymous Broker,Anonymous Broker
2019-02-01 09:27:04,1000,5.58,Anonymous Broker,Anonymous Broker
2019-02-01 09:27:04,1000,5.58,Anonymous Broker,Anonymous Broker
2019-02-01 09:26:55,4500,5.59,Anonymous Broker,Anonymous Broker
2019-02-01 09:26:20,1187,5.58,Anonymous Broker,Anonymous Broker
2019-02-01 09:26:20,5407,5.585,Anonymous Broker,Anonymous Broker
2019-02-01 09:26:20,5000,5.585,Anonymous Broker,Anonymous Broker
2019-02-01 09:26:20,7500,5.585,Anonymous Broker,Anonymous Broker
2019-02-01 09:26:20,267,5.59,Anonymous Broker,Anonymous Broker
2019-02-01 09:26:20,8435,5.59,Anonymous Broker,Anonymous Broker
2019-02-01 09:26:20,7500,5.59,Anonymous Broker,Anonymous Broker
2019-02-01 09:26:20,1788,5.59,Anonymous Broker,Anonymous Broker
2019-02-01 09:25:48,10,5.59,Anonymous Broker,Anonymous Broker
2019-02-01 09:24:44,5000,5.595,Anonymous Broker,Anonymous Broker
2019-02-01 09:24:43,4907,5.595,Anonymous Broker,Anonymous Broker
2019-02-01 09:24:43,277,5.595,Anonymous Broker,Anonymous Broker
2019-02-01 09:24:32,5665,5.585,Anonymous Broker,Anonymous Broker
2019-02-01 09:24:26,4028,5.585,Anonymous Broker,Anonymous Broker
2019-02-01 09:24:26,6100,5.585,Anonymous Broker,Anonymous Broker
2019-02-01 09:24:26,13200,5.585,Anonymous Broker,Anonymous Broker
2019-02-01 09:24:26,7500,5.585,Anonymous Broker,Anonymous Broker
2019-02-01 09:24:26,4909,5.585,Anonymous Broker,Anonymous Broker
2019-02-01 09:24:26,91,5.585,Anonymous Broker,Anonymous Broker
2019-02-01 09:24:07,16484,5.585,Anonymous Broker,Anonymous Broker
2019-02-01 09:24:07,5674,5.585,Anonymous Broker,Anonymous Broker
2019-02-01 09:24:06,312,5.58,Anonymous Broker,Anonymous Broker
2019-02-01 09:24:06,4492,5.58,Anonymous Broker,Anonymous Broker
2019-02-01 09:24:06,8008,5.58,Anonymous Broker,Anonymous Broker
2019-02-01 09:24:06,4492,5.58,Anonymous Broker,Anonymous Broker
2019-02-01 09:24:06,5000,5.58,Anonymous Broker,Anonymous Broker
2019-02-01 09:24:06,7500,5.58,Anonymous Broker,Anonymous Broker
2019-02-01 09:24:06,4492,5.58,Anonymous Broker,Anonymous Broker
2019-02-01 09:23:27,5000,5.58,Anonymous Broker,Anonymous Broker
2019-02-01 09:22:57,4492,5.58,Anonymous Broker,Anonymous Broker
2019-02-01 09:22:57,4492,5.58,Anonymous Broker,Anonymous Broker
2019-02-01 09:22:57,4492,5.58,Anonymous Broker,Anonymous Broker
2019-02-01 09:22:57,3008,5.58,Anonymous Broker,Anonymous Broker
2019-02-01 09:22:57,4492,5.58,Anonymous Broker,Anonymous Broker
2019-02-01 09:22:57,4492,5.58,Anonymous Broker,Anonymous Broker
2019-02-01 09:22:57,7255,5.58,Anonymous Broker,Anonymous Broker
2019-02-01 09:22:57,12560,5.58,Anonymous Broker,Anonymous Broker
2019-02-01 09:22:57,245,5.58,Anonymous Broker,Anonymous Broker
2019-02-01 09:22:55,3794,5.575,Anonymous Broker,Anonymous Broker
2019-02-01 09:22:55,42,5.575,Anonymous Broker,Anonymous Broker
2019-02-01 09:22:51,11632,5.575,Anonymous Broker,Anonymous Broker
2019-02-01 09:22:51,7500,5.575,Anonymous Broker,Anonymous Broker
2019-02-01 09:22:51,2736,5.58,Anonymous Broker,Anonymous Broker
2019-02-01 09:22:51,4623,5.575,Anonymous Broker,Anonymous Broker
2019-02-01 09:22:51,7000,5.575,Anonymous Broker,Anonymous Broker
2019-02-01 09:22:51,5091,5.575,Anonymous Broker,Anonymous Broker
2019-02-01 09:22:51,550,5.575,Anonymous Broker,Anonymous Broker
2019-02-01 09:22:14,409,5.575,Anonymous Broker,Anonymous Broker
2019-02-01 09:22:07,2000,5.575,Anonymous Broker,Anonymous Broker
2019-02-01 09:22:06,1000,5.57,Anonymous Broker,Anonymous Broker
2019-02-01 09:22:02,7732,5.575,Anonymous Broker,Anonymous Broker
2019-02-01 09:22:02,6275,5.575,Anonymous Broker,Anonymous Broker
2019-02-01 09:22:02,5331,5.575,Anonymous Broker,Anonymous Broker
2019-02-01 09:22:02,5331,5.575,Anonymous Broker,Anonymous Broker
2019-02-01 09:22:02,331,5.575,Anonymous Broker,Anonymous Broker
2019-02-01 09:22:02,5000,5.575,Anonymous Broker,Anonymous Broker
2019-02-01 09:21:55,1103,5.58,Anonymous Broker,Anonymous Broker
2019-02-01 09:21:55,7160,5.58,Anonymous Broker,Anonymous Broker
2019-02-01 09:21:55,1840,5.58,Anonymous Broker,Anonymous Broker
2019-02-01 09:21:55,3160,5.58,Anonymous Broker,Anonymous Broker
2019-02-01 09:21:55,250,5.58,Anonymous Broker,Anonymous Broker
2019-02-01 09:21:55,5000,5.58,Anonymous Broker,Anonymous Broker
2019-02-01 09:21:47,329,5.585,Anonymous Broker,Anonymous Broker
2019-02-01 09:21:47,29846,5.585,Anonymous Broker,Anonymous Broker
2019-02-01 09:21:05,1137,5.585,Anonymous Broker,Anonymous Broker
2019-02-01 09:19:49,7500,5.59,Anonymous Broker,Anonymous Broker
2019-02-01 09:19:47,7580,5.595,Anonymous Broker,Anonymous Broker
2019-02-01 09:19:47,6100,5.595,Anonymous Broker,Anonymous Broker
2019-02-01 09:19:44,6300,5.595,Anonymous Broker,Anonymous Broker
2019-02-01 09:19:44,3800,5.595,Anonymous Broker,Anonymous Broker
2019-02-01 09:19:44,19000,5.595,Anonymous Broker,Anonymous Broker
2019-02-01 09:19:44,7234,5.595,Anonymous Broker,Anonymous Broker
2019-02-01 09:19:33,3885,5.6,Anonymous Broker,Anonymous Broker
2019-02-01 09:19:22,536,5.6,Anonymous Broker,Anonymous Broker
2019-02-01 09:19:17,11,5.595,Anonymous Broker,Anonymous Broker
2019-02-01 09:19:17,8521,5.595,Anonymous Broker,Anonymous Broker
2019-02-01 09:19:17,4832,5.595,Anonymous Broker,Anonymous Broker
2019-02-01 09:18:26,1000,5.595,Anonymous Broker,Anonymous Broker
2019-02-01 09:18:25,788,5.595,Anonymous Broker,Anonymous Broker
2019-02-01 09:18:22,898,5.59,Anonymous Broker,Anonymous Broker
2019-02-01 09:18:21,6300,5.59,Anonymous Broker,Anonymous Broker
2019-02-01 09:18:21,1200,5.59,Anonymous Broker,Anonymous Broker
2019-02-01 09:18:03,2300,5.585,Anonymous Broker,Anonymous Broker
2019-02-01 09:18:03,5600,5.585,Anonymous Broker,Anonymous Broker
2019-02-01 09:18:03,750,5.585,Anonymous Broker,Anonymous Broker
2019-02-01 09:18:03,9000,5.585,Anonymous Broker,Anonymous Broker
2019-02-01 09:18:03,7500,5.585,Anonymous Broker,Anonymous Broker
2019-02-01 09:18:02,390,5.595,Anonymous Broker,Anonymous Broker
2019-02-01 09:18:01,8500,5.59,Anonymous Broker,Anonymous Broker
2019-02-01 09:17:52,4811,5.595,Anonymous Broker,Anonymous Broker
2019-02-01 09:17:52,7500,5.595,Anonymous Broker,Anonymous Broker
2019-02-01 09:17:52,13561,5.595,Anonymous Broker,Anonymous Broker
2019-02-01 09:17:52,4856,5.595,Anonymous Broker,Anonymous Broker
2019-02-01 09:17:52,19000,5.595,Anonymous Broker,Anonymous Broker
2019-02-01 09:17:50,806,5.6,Anonymous Broker,Anonymous Broker
2019-02-01 09:17:50,18194,5.6,Anonymous Broker,Anonymous Broker
2019-02-01 09:17:50,7500,5.6,Anonymous Broker,Anonymous Broker
2019-02-01 09:17:40,2000,5.61,Anonymous Broker,Anonymous Broker
2019-02-01 09:17:40,7208,5.61,Anonymous Broker,Anonymous Broker
2019-02-01 09:17:40,400,5.61,Anonymous Broker,Anonymous Broker
2019-02-01 09:17:37,1400,5.615,Anonymous Broker,Anonymous Broker
2019-02-01 09:17:31,4295,5.615,Anonymous Broker,Anonymous Broker
2019-02-01 09:17:25,600,5.61,Anonymous Broker,Anonymous Broker
2019-02-01 09:17:22,16536,5.61,Anonymous Broker,Anonymous Broker
2019-02-01 09:17:19,10566,5.61,Anonymous Broker,Anonymous Broker
2019-02-01 09:17:19,10186,5.61,Anonymous Broker,Anonymous Broker
2019-02-01 09:17:19,10000,5.61,Anonymous Broker,Anonymous Broker
2019-02-01 09:17:19,10000,5.61,Anonymous Broker,Anonymous Broker
2019-02-01 09:17:15,1000,5.61,Anonymous Broker,Anonymous Broker
2019-02-01 09:16:54,2700,5.605,Anonymous Broker,Anonymous Broker
2019-02-01 09:16:54,4800,5.605,Anonymous Broker,Anonymous Broker
2019-02-01 09:16:54,5000,5.605,Anonymous Broker,Anonymous Broker
2019-02-01 09:16:54,7500,5.605,Anonymous Broker,Anonymous Broker
2019-02-01 09:16:54,7500,5.61,Anonymous Broker,Anonymous Broker
2019-02-01 09:16:51,2488,5.615,Anonymous Broker,Anonymous Broker
2019-02-01 09:16:50,9483,5.61,Anonymous Broker,Anonymous Broker
2019-02-01 09:16:50,7500,5.61,Anonymous Broker,Anonymous Broker
2019-02-01 09:16:50,33017,5.605,Anonymous Broker,Anonymous Broker
2019-02-01 09:16:48,7500,5.605,Anonymous Broker,Anonymous Broker
2019-02-01 09:16:48,7500,5.605,Anonymous Broker,Anonymous Broker
2019-02-01 09:16:47,4742,5.6,Anonymous Broker,Anonymous Broker
2019-02-01 09:16:47,5794,5.6,Anonymous Broker,Anonymous Broker
2019-02-01 09:16:47,371,5.6,Anonymous Broker,Anonymous Broker
2019-02-01 09:16:47,5219,5.6,Anonymous Broker,Anonymous Broker
2019-02-01 09:16:47,9410,5.6,Anonymous Broker,Anonymous Broker
2019-02-01 09:16:47,5590,5.6,Anonymous Broker,Anonymous Broker
2019-02-01 09:16:47,12934,5.6,Anonymous Broker,Anonymous Broker
2019-02-01 09:16:47,21998,5.6,Anonymous Broker,Anonymous Broker
2019-02-01 09:16:47,15000,5.6,Anonymous Broker,Anonymous Broker
2019-02-01 09:16:47,18000,5.6,Anonymous Broker,Anonymous Broker
2019-02-01 09:16:47,1000,5.6,Anonymous Broker,Anonymous Broker
2019-02-01 09:16:44,7500,5.595,Anonymous Broker,Anonymous Broker
2019-02-01 09:16:44,11855,5.595,Anonymous Broker,Anonymous Broker
2019-02-01 09:16:34,7500,5.595,Anonymous Broker,Anonymous Broker
2019-02-01 09:16:34,7500,5.595,Anonymous Broker,Anonymous Broker
2019-02-01 09:16:34,5000,5.595,Anonymous Broker,Anonymous Broker
2019-02-01 09:16:14,350,5.59,Anonymous Broker,Anonymous Broker
2019-02-01 09:16:10,8919,5.59,Anonymous Broker,Anonymous Broker
2019-02-01 09:16:10,1000,5.59,Anonymous Broker,Anonymous Broker
2019-02-01 09:16:07,1277,5.59,Anonymous Broker,Anonymous Broker
2019-02-01 09:16:00,3400,5.585,Anonymous Broker,Anonymous Broker
2019-02-01 09:15:51,5843,5.58,Anonymous Broker,Anonymous Broker
2019-02-01 09:15:51,2257,5.58,Anonymous Broker,Anonymous Broker
2019-02-01 09:15:51,2728,5.58,Anonymous Broker,Anonymous Broker
2019-02-01 09:15:15,3200,5.57,Anonymous Broker,Anonymous Broker
2019-02-01 09:15:15,7500,5.57,Anonymous Broker,Anonymous Broker
2019-02-01 09:15:15,10000,5.57,Anonymous Broker,Anonymous Broker
2019-02-01 09:15:15,1800,5.57,Anonymous Broker,Anonymous Broker
2019-02-01 09:15:15,2500,5.57,Anonymous Broker,Anonymous Broker
2019-02-01 09:15:05,1350,5.56,Anonymous Broker,Anonymous Broker
2019-02-01 09:13:03,28040,5.565,Anonymous Broker,Anonymous Broker
2019-02-01 09:13:03,1000,5.565,Anonymous Broker,Anonymous Broker
2019-02-01 09:12:48,200,5.565,Anonymous Broker,Anonymous Broker
2019-02-01 09:12:48,200,5.565,Anonymous Broker,Anonymous Broker
2019-02-01 09:12:48,200,5.565,Anonymous Broker,Anonymous Broker
2019-02-01 09:12:48,200,5.565,Anonymous Broker,Anonymous Broker
2019-02-01 09:12:48,200,5.565,Anonymous Broker,Anonymous Broker
2019-02-01 09:12:38,890,5.565,Anonymous Broker,Anonymous Broker
2019-02-01 09:12:38,9110,5.565,Anonymous Broker,Anonymous Broker
2019-02-01 09:12:36,4746,5.56,Anonymous Broker,Anonymous Broker
2019-02-01 09:12:36,3189,5.56,Anonymous Broker,Anonymous Broker
2019-02-01 09:12:36,12806,5.56,Anonymous Broker,Anonymous Broker
2019-02-01 09:12:34,168,5.56,Anonymous Broker,Anonymous Broker
2019-02-01 09:12:34,1832,5.56,Anonymous Broker,Anonymous Broker
2019-02-01 09:12:22,11855,5.555,Anonymous Broker,Anonymous Broker
2019-02-01 09:12:22,7500,5.555,Anonymous Broker,Anonymous Broker
2019-02-01 09:12:12,4924,5.555,Anonymous Broker,Anonymous Broker
2019-02-01 09:12:12,76,5.555,Anonymous Broker,Anonymous Broker
2019-02-01 09:12:12,6890,5.555,Anonymous Broker,Anonymous Broker
2019-02-01 09:12:12,3034,5.555,Anonymous Broker,Anonymous Broker
2019-02-01 09:10:50,1000,5.555,Anonymous Broker,Anonymous Broker
2019-02-01 09:10:17,8158,5.555,Anonymous Broker,Anonymous Broker
2019-02-01 09:09:58,5000,5.555,Anonymous Broker,Anonymous Broker
2019-02-01 09:09:43,6419,5.56,Anonymous Broker,Anonymous Broker
2019-02-01 09:09:43,3581,5.56,Anonymous Broker,Anonymous Broker
2019-02-01 09:08:17,5337,5.56,Anonymous Broker,Anonymous Broker
2019-02-01 09:08:15,16884,5.56,Anonymous Broker,Anonymous Broker
2019-02-01 09:08:08,7500,5.565,Anonymous Broker,Anonymous Broker
2019-02-01 09:08:08,2710,5.565,Anonymous Broker,Anonymous Broker
2019-02-01 09:08:08,3787,5.565,Anonymous Broker,Anonymous Broker
2019-02-01 09:08:00,200,5.565,Anonymous Broker,Anonymous Broker
2019-02-01 09:06:41,590,5.565,Anonymous Broker,Anonymous Broker
2019-02-01 09:06:40,200,5.56,Anonymous Broker,Anonymous Broker
2019-02-01 09:06:36,1500,5.565,Anonymous Broker,Anonymous Broker
2019-02-01 09:06:36,7500,5.565,Anonymous Broker,Anonymous Broker
2019-02-01 09:06:15,1800,5.565,Anonymous Broker,Anonymous Broker
2019-02-01 09:06:14,3622,5.56,Anonymous Broker,Anonymous Broker
2019-02-01 09:06:14,2000,5.56,Anonymous Broker,Anonymous Broker
2019-02-01 09:06:14,6878,5.56,Anonymous Broker,Anonymous Broker
2019-02-01 09:06:14,7500,5.565,Anonymous Broker,Anonymous Broker
2019-02-01 09:06:14,3785,5.565,Anonymous Broker,Anonymous Broker
2019-02-01 09:06:14,5831,5.565,Anonymous Broker,Anonymous Broker
2019-02-01 09:06:08,440,5.565,Anonymous Broker,Anonymous Broker
2019-02-01 09:05:48,274,5.565,Anonymous Broker,Anonymous Broker
2019-02-01 09:05:38,17822,5.56,Anonymous Broker,Anonymous Broker
2019-02-01 09:05:17,12271,5.565,Anonymous Broker,Anonymous Broker
2019-02-01 09:05:08,300,5.56,Anonymous Broker,Anonymous Broker
2019-02-01 09:04:55,1000,5.565,Anonymous Broker,Anonymous Broker
2019-02-01 09:04:43,5000,5.565,Anonymous Broker,Anonymous Broker
2019-02-01 09:04:41,10839,5.565,Anonymous Broker,Anonymous Broker
2019-02-01 09:04:41,13688,5.56,Anonymous Broker,Anonymous Broker
2019-02-01 09:04:39,4000,5.565,Anonymous Broker,Anonymous Broker
2019-02-01 09:04:37,50,5.56,Anonymous Broker,Anonymous Broker
2019-02-01 09:04:37,7500,5.56,Anonymous Broker,Anonymous Broker
2019-02-01 09:04:37,14000,5.56,Anonymous Broker,Anonymous Broker
2019-02-01 09:04:37,7500,5.56,Anonymous Broker,Anonymous Broker
2019-02-01 09:04:37,21557,5.56,Anonymous Broker,Anonymous Broker
2019-02-01 09:04:37,11695,5.565,Anonymous Broker,Anonymous Broker
2019-02-01 09:04:37,19000,5.565,Anonymous Broker,Anonymous Broker
2019-02-01 09:04:28,30379,5.56,Anonymous Broker,Anonymous Broker
2019-02-01 09:04:28,1200,5.56,Anonymous Broker,Anonymous Broker
2019-02-01 09:04:09,6500,5.56,Anonymous Broker,Anonymous Broker
2019-02-01 09:04:09,7500,5.56,Anonymous Broker,Anonymous Broker
2019-02-01 09:04:08,2930,5.56,Anonymous Broker,Anonymous Broker
2019-02-01 09:04:08,2270,5.56,Anonymous Broker,Anonymous Broker
2019-02-01 09:04:03,9879,5.565,Anonymous Broker,Anonymous Broker
2019-02-01 09:04:03,2330,5.565,Anonymous Broker,Anonymous Broker
2019-02-01 09:04:02,2684,5.565,Anonymous Broker,Anonymous Broker
2019-02-01 09:04:02,10739,5.565,Anonymous Broker,Anonymous Broker
2019-02-01 09:04:02,2330,5.565,Anonymous Broker,Anonymous Broker
2019-02-01 09:04:02,2330,5.565,Anonymous Broker,Anonymous Broker
2019-02-01 09:04:02,108100,5.57,Anonymous Broker,Anonymous Broker
2019-02-01 09:04:02,9000,5.57,Anonymous Broker,Anonymous Broker
2019-02-01 09:04:02,9000,5.57,Anonymous Broker,Anonymous Broker
2019-02-01 09:04:02,9000,5.57,Anonymous Broker,Anonymous Broker
2019-02-01 09:04:02,9000,5.57,Anonymous Broker,Anonymous Broker
2019-02-01 09:04:02,9000,5.57,Anonymous Broker,Anonymous Broker
2019-02-01 09:04:02,9000,5.57,Anonymous Broker,Anonymous Broker
2019-02-01 09:04:02,27000,5.57,Anonymous Broker,Anonymous Broker
2019-02-01 09:04:02,5900,5.57,Anonymous Broker,Anonymous Broker
2019-02-01 09:04:02,114,5.57,Anonymous Broker,Anonymous Broker
2019-02-01 09:04:02,359,5.57,Anonymous Broker,Anonymous Broker
2019-02-01 09:04:02,800,5.57,Anonymous Broker,Anonymous Broker
2019-02-01 09:04:02,36,5.57,Anonymous Broker,Anonymous Broker
2019-02-01 09:04:02,2000,5.575,Anonymous Broker,Anonymous Broker
2019-02-01 09:04:02,3000,5.575,Anonymous Broker,Anonymous Broker
2019-02-01 09:04:02,1000,5.575,Anonymous Broker,Anonymous Broker
2019-02-01 09:04:02,1000,5.575,Anonymous Broker,Anonymous Broker
2019-02-01 09:04:02,1000,5.575,Anonymous Broker,Anonymous Broker
2019-02-01 09:04:02,1000,5.575,Anonymous Broker,Anonymous Broker
2019-02-01 09:04:02,4000,5.575,Anonymous Broker,Anonymous Broker
2019-02-01 09:04:02,1700,5.575,Anonymous Broker,Anonymous Broker
2019-02-01 09:04:02,1000,5.575,Anonymous Broker,Anonymous Broker
2019-02-01 09:04:02,85,5.575,Anonymous Broker,Anonymous Broker
2019-02-01 09:04:02,3500,5.575,Anonymous Broker,Anonymous Broker
2019-02-01 09:04:02,12833,5.575,Anonymous Broker,Anonymous Broker
2019-02-01 09:04:02,1500,5.575,Anonymous Broker,Anonymous Broker
2019-02-01 09:04:02,3000,5.575,Anonymous Broker,Anonymous Broker
2019-02-01 09:04:02,1700,5.575,Anonymous Broker,Anonymous Broker
2019-02-01 09:04:02,800,5.575,Anonymous Broker,Anonymous Broker
2019-02-01 09:04:02,179,5.575,Anonymous Broker,Anonymous Broker
2019-02-01 09:04:02,400,5.575,Anonymous Broker,Anonymous Broker
2019-02-01 09:04:02,600,5.575,Anonymous Broker,Anonymous Broker
2019-02-01 09:04:02,975,5.575,Anonymous Broker,Anonymous Broker
2019-02-01 09:04:02,891,5.575,Anonymous Broker,Anonymous Broker
2019-02-01 09:04:02,40,5.575,Anonymous Broker,Anonymous Broker
2019-02-01 09:04:02,27,5.575,Anonymous Broker,Anonymous Broker
2019-02-01 09:04:02,60,5.575,Anonymous Broker,Anonymous Broker
2019-02-01 09:04:02,600,5.575,Anonymous Broker,Anonymous Broker
2019-02-01 09:04:02,650,5.575,Anonymous Broker,Anonymous Broker
2019-02-01 09:04:02,4486,5.575,Anonymous Broker,Anonymous Broker
2019-02-01 09:04:02,600,5.575,Anonymous Broker,Anonymous Broker
2019-02-01 09:04:02,15,5.575,Anonymous Broker,Anonymous Broker
2019-02-01 09:04:02,20,5.575,Anonymous Broker,Anonymous Broker
2019-02-01 09:04:02,7000,5.575,Anonymous Broker,Anonymous Broker
2019-02-01 09:04:02,350,5.575,Anonymous Broker,Anonymous Broker
2019-02-01 09:04:02,918,5.575,Anonymous Broker,Anonymous Broker
2019-02-01 09:04:02,300,5.575,Anonymous Broker,Anonymous Broker
2019-02-01 09:04:02,1000,5.575,Anonymous Broker,Anonymous Broker
2019-02-01 09:04:02,750,5.575,Anonymous Broker,Anonymous Broker
2019-02-01 09:04:02,22,5.575,Anonymous Broker,Anonymous Broker
2019-02-01 09:04:02,1510,5.575,Anonymous Broker,Anonymous Broker
2019-02-01 09:04:02,430,5.575,Anonymous Broker,Anonymous Broker
2019-02-01 09:04:02,2000,5.575,Anonymous Broker,Anonymous Broker
2019-02-01 09:04:02,11800,5.575,Anonymous Broker,Anonymous Broker
2019-02-01 09:04:02,8100,5.575,Anonymous Broker,Anonymous Broker
2019-02-01 09:04:02,1200,5.575,Anonymous Broker,Anonymous Broker
2019-02-01 09:04:02,1586,5.575,Anonymous Broker,Anonymous Broker
2019-02-01 09:04:02,214,5.575,Anonymous Broker,Anonymous Broker
2019-02-01 09:04:02,330,5.575,Anonymous Broker,Anonymous Broker
2019-02-01 09:03:51,4855,5.58,Anonymous Broker,Anonymous Broker
2019-02-01 09:03:51,7445,5.58,Anonymous Broker,Anonymous Broker
2019-02-01 09:03:51,1000,5.58,Anonymous Broker,Anonymous Broker
2019-02-01 09:03:51,8972,5.58,Anonymous Broker,Anonymous Broker
2019-02-01 09:03:45,11028,5.58,Anonymous Broker,Anonymous Broker
