time,volume,price,buyer,seller
2019-02-01 16:29:19,24884,84.59,Anonymous Broker,Anonymous Broker
2019-02-01 16:25:14,1371,83.9,Anonymous Broker,Anonymous Broker
2019-02-01 16:25:14,502,83.9,Anonymous Broker,Anonymous Broker
2019-02-01 16:25:14,358,83.9,Anonymous Broker,Anonymous Broker
2019-02-01 16:25:14,268,83.9,Anonymous Broker,Anonymous Broker
2019-02-01 16:25:14,153,83.9,Anonymous Broker,Anonymous Broker
2019-02-01 16:25:14,1162,83.9,Anonymous Broker,Anonymous Broker
2019-02-01 16:25:14,873,83.9,Anonymous Broker,Anonymous Broker
2019-02-01 16:25:14,155,83.9,Anonymous Broker,Anonymous Broker
2019-02-01 16:25:14,8,83.9,Anonymous Broker,Anonymous Broker
2019-02-01 16:25:14,37,83.9,Anonymous Broker,Anonymous Broker
2019-02-01 16:25:14,452,83.9,Anonymous Broker,Anonymous Broker
2019-02-01 16:25:14,287,83.9,Anonymous Broker,Anonymous Broker
2019-02-01 16:25:14,1426,83.9,Anonymous Broker,Anonymous Broker
2019-02-01 16:25:14,3325,83.9,Anonymous Broker,Anonymous Broker
2019-02-01 16:25:14,286,83.9,Anonymous Broker,Anonymous Broker
2019-02-01 16:25:14,129,83.9,Anonymous Broker,Anonymous Broker
2019-02-01 16:25:14,37,83.9,Anonymous Broker,Anonymous Broker
2019-02-01 16:25:14,1055,83.9,Anonymous Broker,Anonymous Broker
2019-02-01 16:25:14,216,83.9,Anonymous Broker,Anonymous Broker
2019-02-01 16:25:14,861,83.9,Anonymous Broker,Anonymous Broker
2019-02-01 16:25:14,623,83.9,Anonymous Broker,Anonymous Broker
2019-02-01 16:25:14,132,83.9,Anonymous Broker,Anonymous Broker
2019-02-01 16:25:14,891,83.9,Anonymous Broker,Anonymous Broker
2019-02-01 16:25:14,428,83.9,Anonymous Broker,Anonymous Broker
2019-02-01 16:25:14,286,83.9,Anonymous Broker,Anonymous Broker
2019-02-01 16:25:14,609,83.9,Anonymous Broker,Anonymous Broker
2019-02-01 16:25:14,72,83.9,Anonymous Broker,Anonymous Broker
2019-02-01 16:25:14,19,83.9,Anonymous Broker,Anonymous Broker
2019-02-01 16:25:14,536,83.9,Anonymous Broker,Anonymous Broker
2019-02-01 16:25:14,331,83.9,Anonymous Broker,Anonymous Broker
2019-02-01 16:25:14,97,83.9,Anonymous Broker,Anonymous Broker
2019-02-01 16:25:14,68,83.9,Anonymous Broker,Anonymous Broker
2019-02-01 16:25:14,41,83.9,Anonymous Broker,Anonymous Broker
2019-02-01 16:25:14,1,83.9,Anonymous Broker,Anonymous Broker
2019-02-01 16:25:14,186,83.9,Anonymous Broker,Anonymous Broker
2019-02-01 16:25:14,872,83.9,Anonymous Broker,Anonymous Broker
2019-02-01 16:25:14,33,83.9,Anonymous Broker,Anonymous Broker
2019-02-01 16:25:14,14,83.9,Anonymous Broker,Anonymous Broker
2019-02-01 16:25:14,13,83.9,Anonymous Broker,Anonymous Broker
2019-02-01 16:25:14,291,83.9,Anonymous Broker,Anonymous Broker
2019-02-01 16:25:14,177,83.9,Anonymous Broker,Anonymous Broker
2019-02-01 16:25:14,294,83.9,Anonymous Broker,Anonymous Broker
2019-02-01 16:19:45,1,83.5,Anonymous Broker,Anonymous Broker
2019-02-01 16:19:45,49,83.5,Anonymous Broker,Anonymous Broker
2019-02-01 16:19:45,203,83.5,Anonymous Broker,Anonymous Broker
2019-02-01 16:19:30,19,83.5,Anonymous Broker,Anonymous Broker
2019-02-01 16:19:08,28,83.5,Anonymous Broker,Anonymous Broker
2019-02-01 16:18:58,602,83.7,Anonymous Broker,Anonymous Broker
2019-02-01 16:18:58,290,83.7,Anonymous Broker,Anonymous Broker
2019-02-01 16:18:44,108,83.7,Anonymous Broker,Anonymous Broker
2019-02-01 16:18:44,58,83.7,Anonymous Broker,Anonymous Broker
2019-02-01 16:18:44,49,83.7,Anonymous Broker,Anonymous Broker
2019-02-01 16:18:44,176,83.7,Anonymous Broker,Anonymous Broker
2019-02-01 16:18:40,124,83.7,Anonymous Broker,Anonymous Broker
2019-02-01 16:18:40,96,83.7,Anonymous Broker,Anonymous Broker
2019-02-01 16:18:16,2,83.8,Anonymous Broker,Anonymous Broker
2019-02-01 16:18:16,270,83.8,Anonymous Broker,Anonymous Broker
2019-02-01 16:18:16,336,83.8,Anonymous Broker,Anonymous Broker
2019-02-01 16:18:10,318,83.8,Anonymous Broker,Anonymous Broker
2019-02-01 16:18:09,2558,83.8,Anonymous Broker,Anonymous Broker
2019-02-01 16:18:09,22,83.9,Anonymous Broker,Anonymous Broker
2019-02-01 16:18:05,378,83.9,Anonymous Broker,Anonymous Broker
2019-02-01 16:18:05,361,83.9,Anonymous Broker,Anonymous Broker
2019-02-01 16:18:05,357,83.9,Anonymous Broker,Anonymous Broker
2019-02-01 16:18:05,7394,83.9,Anonymous Broker,Anonymous Broker
2019-02-01 16:18:05,2034,83.9,Anonymous Broker,Anonymous Broker
2019-02-01 16:18:05,572,83.9,Anonymous Broker,Anonymous Broker
2019-02-01 16:18:04,35,84.0,Anonymous Broker,Anonymous Broker
2019-02-01 16:18:03,550,84.0,Anonymous Broker,Anonymous Broker
2019-02-01 16:18:03,329,84.0,Anonymous Broker,Anonymous Broker
2019-02-01 16:18:03,821,84.0,Anonymous Broker,Anonymous Broker
2019-02-01 16:18:03,535,84.0,Anonymous Broker,Anonymous Broker
2019-02-01 16:18:03,294,84.0,Anonymous Broker,Anonymous Broker
2019-02-01 16:18:03,169,84.0,Anonymous Broker,Anonymous Broker
2019-02-01 16:18:03,45,84.0,Anonymous Broker,Anonymous Broker
2019-02-01 16:16:37,8,84.1,Anonymous Broker,Anonymous Broker
2019-02-01 16:15:13,294,84.0,Anonymous Broker,Anonymous Broker
2019-02-01 16:15:13,312,84.0,Anonymous Broker,Anonymous Broker
2019-02-01 16:14:58,674,84.0,Anonymous Broker,Anonymous Broker
2019-02-01 16:14:58,218,84.0,Anonymous Broker,Anonymous Broker
2019-02-01 16:14:58,500,84.0,Anonymous Broker,Anonymous Broker
2019-02-01 16:14:58,513,84.0,Anonymous Broker,Anonymous Broker
2019-02-01 16:14:58,105,84.0,Anonymous Broker,Anonymous Broker
2019-02-01 16:14:58,77,84.0,Anonymous Broker,Anonymous Broker
2019-02-01 16:14:56,308,84.0,Anonymous Broker,Anonymous Broker
2019-02-01 16:14:56,169,84.1,Anonymous Broker,Anonymous Broker
2019-02-01 16:14:56,139,84.1,Anonymous Broker,Anonymous Broker
2019-02-01 16:14:42,189,84.1,Anonymous Broker,Anonymous Broker
2019-02-01 16:14:40,36,84.1,Anonymous Broker,Anonymous Broker
2019-02-01 16:14:40,264,84.2,Anonymous Broker,Anonymous Broker
2019-02-01 16:14:40,40,84.1,Anonymous Broker,Anonymous Broker
2019-02-01 16:14:40,232,84.1,Anonymous Broker,Anonymous Broker
2019-02-01 16:14:40,180,84.1,Anonymous Broker,Anonymous Broker
2019-02-01 16:14:40,24,84.1,Anonymous Broker,Anonymous Broker
2019-02-01 16:14:40,325,84.1,Anonymous Broker,Anonymous Broker
2019-02-01 16:14:40,34,84.1,Anonymous Broker,Anonymous Broker
2019-02-01 16:13:47,7,84.0,Anonymous Broker,Anonymous Broker
2019-02-01 16:13:20,7,84.0,Anonymous Broker,Anonymous Broker
2019-02-01 16:13:05,7,84.0,Anonymous Broker,Anonymous Broker
2019-02-01 16:13:05,88,84.0,Anonymous Broker,Anonymous Broker
2019-02-01 16:12:51,6,84.0,Anonymous Broker,Anonymous Broker
2019-02-01 16:12:15,50,84.1,Anonymous Broker,Anonymous Broker
2019-02-01 16:12:14,260,84.0,Anonymous Broker,Anonymous Broker
2019-02-01 16:12:14,121,84.0,Anonymous Broker,Anonymous Broker
2019-02-01 16:12:14,200,84.0,Anonymous Broker,Anonymous Broker
2019-02-01 16:12:05,145,84.0,Anonymous Broker,Anonymous Broker
2019-02-01 16:12:05,355,84.0,Anonymous Broker,Anonymous Broker
2019-02-01 16:12:05,468,84.0,Anonymous Broker,Anonymous Broker
2019-02-01 16:12:05,480,84.0,Anonymous Broker,Anonymous Broker
2019-02-01 16:12:04,229,84.0,Anonymous Broker,Anonymous Broker
2019-02-01 16:12:04,600,84.0,Anonymous Broker,Anonymous Broker
2019-02-01 16:12:04,154,84.0,Anonymous Broker,Anonymous Broker
2019-02-01 16:12:04,12,84.0,Anonymous Broker,Anonymous Broker
2019-02-01 16:12:04,58,84.0,Anonymous Broker,Anonymous Broker
2019-02-01 16:12:04,35,84.0,Anonymous Broker,Anonymous Broker
2019-02-01 16:12:04,3,84.0,Anonymous Broker,Anonymous Broker
2019-02-01 16:12:04,121,84.0,Anonymous Broker,Anonymous Broker
2019-02-01 16:12:03,179,84.0,Anonymous Broker,Anonymous Broker
2019-02-01 16:12:03,11,84.0,Anonymous Broker,Anonymous Broker
2019-02-01 16:12:01,50,84.1,Anonymous Broker,Anonymous Broker
2019-02-01 16:12:01,935,84.1,Anonymous Broker,Anonymous Broker
2019-02-01 16:12:01,65,84.1,Anonymous Broker,Anonymous Broker
2019-02-01 16:12:01,56,84.1,Anonymous Broker,Anonymous Broker
2019-02-01 16:11:58,194,84.1,Anonymous Broker,Anonymous Broker
2019-02-01 16:11:56,169,84.2,Anonymous Broker,Anonymous Broker
2019-02-01 16:11:56,629,84.2,Anonymous Broker,Anonymous Broker
2019-02-01 16:11:56,1303,84.2,Anonymous Broker,Anonymous Broker
2019-02-01 16:11:56,608,84.2,Anonymous Broker,Anonymous Broker
2019-02-01 16:11:52,821,84.3,Anonymous Broker,Anonymous Broker
2019-02-01 16:10:42,170,84.3,Anonymous Broker,Anonymous Broker
2019-02-01 16:10:42,596,84.3,Anonymous Broker,Anonymous Broker
2019-02-01 16:10:42,500,84.3,Anonymous Broker,Anonymous Broker
2019-02-01 16:10:41,181,84.4,Anonymous Broker,Anonymous Broker
2019-02-01 16:10:41,765,84.5,Anonymous Broker,Anonymous Broker
2019-02-01 16:10:41,16,84.5,Anonymous Broker,Anonymous Broker
2019-02-01 16:10:41,744,84.5,Anonymous Broker,Anonymous Broker
2019-02-01 16:10:41,734,84.5,Anonymous Broker,Anonymous Broker
2019-02-01 16:10:41,651,84.5,Anonymous Broker,Anonymous Broker
2019-02-01 16:10:41,119,84.5,Anonymous Broker,Anonymous Broker
2019-02-01 16:10:41,169,84.5,Anonymous Broker,Anonymous Broker
2019-02-01 16:10:02,171,84.6,Anonymous Broker,Anonymous Broker
2019-02-01 16:10:02,53,84.6,Anonymous Broker,Anonymous Broker
2019-02-01 16:10:02,169,84.6,Anonymous Broker,Anonymous Broker
2019-02-01 16:10:02,112,84.6,Anonymous Broker,Anonymous Broker
2019-02-01 16:10:02,436,84.6,Anonymous Broker,Anonymous Broker
2019-02-01 16:10:02,344,84.6,Anonymous Broker,Anonymous Broker
2019-02-01 16:09:47,141,84.6,Anonymous Broker,Anonymous Broker
2019-02-01 16:09:47,89,84.6,Anonymous Broker,Anonymous Broker
2019-02-01 16:09:47,60,84.6,Anonymous Broker,Anonymous Broker
2019-02-01 16:09:47,290,84.6,Anonymous Broker,Anonymous Broker
2019-02-01 16:09:12,17,84.5,Anonymous Broker,Anonymous Broker
2019-02-01 16:09:12,344,84.5,Anonymous Broker,Anonymous Broker
2019-02-01 16:09:12,19,84.5,Anonymous Broker,Anonymous Broker
2019-02-01 16:07:51,41,84.5,Anonymous Broker,Anonymous Broker
2019-02-01 16:07:51,370,84.5,Anonymous Broker,Anonymous Broker
2019-02-01 16:07:51,405,84.5,Anonymous Broker,Anonymous Broker
2019-02-01 16:07:51,250,84.5,Anonymous Broker,Anonymous Broker
2019-02-01 16:06:48,343,84.4,Anonymous Broker,Anonymous Broker
2019-02-01 16:06:48,20,84.4,Anonymous Broker,Anonymous Broker
2019-02-01 16:06:48,379,84.4,Anonymous Broker,Anonymous Broker
2019-02-01 16:06:48,352,84.4,Anonymous Broker,Anonymous Broker
2019-02-01 16:06:48,217,84.4,Anonymous Broker,Anonymous Broker
2019-02-01 16:06:48,190,84.4,Anonymous Broker,Anonymous Broker
2019-02-01 16:06:48,410,84.4,Anonymous Broker,Anonymous Broker
2019-02-01 16:04:36,8,84.3,Anonymous Broker,Anonymous Broker
2019-02-01 16:04:35,64,84.3,Anonymous Broker,Anonymous Broker
2019-02-01 16:04:35,331,84.3,Anonymous Broker,Anonymous Broker
2019-02-01 16:03:44,35,84.3,Anonymous Broker,Anonymous Broker
2019-02-01 16:03:44,378,84.3,Anonymous Broker,Anonymous Broker
2019-02-01 16:03:44,39,84.3,Anonymous Broker,Anonymous Broker
2019-02-01 16:03:44,500,84.3,Anonymous Broker,Anonymous Broker
2019-02-01 16:03:44,642,84.3,Anonymous Broker,Anonymous Broker
2019-02-01 16:03:05,61,84.2,Anonymous Broker,Anonymous Broker
2019-02-01 16:03:04,179,84.2,Anonymous Broker,Anonymous Broker
2019-02-01 16:02:43,78,84.3,Anonymous Broker,Anonymous Broker
2019-02-01 16:02:43,122,84.3,Anonymous Broker,Anonymous Broker
2019-02-01 16:02:43,330,84.3,Anonymous Broker,Anonymous Broker
2019-02-01 16:02:38,675,84.4,Anonymous Broker,Anonymous Broker
2019-02-01 16:02:38,585,84.4,Anonymous Broker,Anonymous Broker
2019-02-01 16:02:38,2600,84.4,Anonymous Broker,Anonymous Broker
2019-02-01 16:02:38,528,84.4,Anonymous Broker,Anonymous Broker
2019-02-01 16:00:20,852,84.5,Anonymous Broker,Anonymous Broker
2019-02-01 16:00:06,326,84.5,Anonymous Broker,Anonymous Broker
2019-02-01 15:55:35,169,84.4,Anonymous Broker,Anonymous Broker
2019-02-01 15:55:35,201,84.4,Anonymous Broker,Anonymous Broker
2019-02-01 15:55:35,133,84.4,Anonymous Broker,Anonymous Broker
2019-02-01 15:55:35,333,84.4,Anonymous Broker,Anonymous Broker
2019-02-01 15:55:30,34,84.4,Anonymous Broker,Anonymous Broker
2019-02-01 15:55:30,133,84.5,Anonymous Broker,Anonymous Broker
2019-02-01 15:55:30,682,84.5,Anonymous Broker,Anonymous Broker
2019-02-01 15:55:30,706,84.5,Anonymous Broker,Anonymous Broker
2019-02-01 15:55:30,250,84.5,Anonymous Broker,Anonymous Broker
2019-02-01 15:55:30,634,84.5,Anonymous Broker,Anonymous Broker
2019-02-01 15:55:30,500,84.5,Anonymous Broker,Anonymous Broker
2019-02-01 15:55:30,39,84.4,Anonymous Broker,Anonymous Broker
2019-02-01 15:55:30,43,84.4,Anonymous Broker,Anonymous Broker
2019-02-01 15:55:30,656,84.4,Anonymous Broker,Anonymous Broker
2019-02-01 15:55:30,55,84.4,Anonymous Broker,Anonymous Broker
2019-02-01 15:55:30,774,84.4,Anonymous Broker,Anonymous Broker
2019-02-01 15:55:30,528,84.4,Anonymous Broker,Anonymous Broker
2019-02-01 15:51:35,77,84.4,Anonymous Broker,Anonymous Broker
2019-02-01 15:49:52,466,84.3,Anonymous Broker,Anonymous Broker
2019-02-01 15:49:52,1700,84.3,Anonymous Broker,Anonymous Broker
2019-02-01 15:49:52,259,84.3,Anonymous Broker,Anonymous Broker
2019-02-01 15:49:52,341,84.3,Anonymous Broker,Anonymous Broker
2019-02-01 15:49:52,245,84.3,Anonymous Broker,Anonymous Broker
2019-02-01 15:49:52,243,84.3,Anonymous Broker,Anonymous Broker
2019-02-01 15:49:52,405,84.3,Anonymous Broker,Anonymous Broker
2019-02-01 15:49:52,500,84.3,Anonymous Broker,Anonymous Broker
2019-02-01 15:49:52,592,84.4,Anonymous Broker,Anonymous Broker
2019-02-01 15:49:49,337,84.5,Anonymous Broker,Anonymous Broker
2019-02-01 15:49:49,494,84.5,Anonymous Broker,Anonymous Broker
2019-02-01 15:49:41,690,84.6,Anonymous Broker,Anonymous Broker
2019-02-01 15:49:41,1485,84.6,Anonymous Broker,Anonymous Broker
2019-02-01 15:49:41,1082,84.6,Anonymous Broker,Anonymous Broker
2019-02-01 15:47:23,334,84.7,Anonymous Broker,Anonymous Broker
2019-02-01 15:47:23,463,84.7,Anonymous Broker,Anonymous Broker
2019-02-01 15:47:23,203,84.7,Anonymous Broker,Anonymous Broker
2019-02-01 15:47:23,409,84.7,Anonymous Broker,Anonymous Broker
2019-02-01 15:47:20,37,84.7,Anonymous Broker,Anonymous Broker
2019-02-01 15:47:20,14,84.7,Anonymous Broker,Anonymous Broker
2019-02-01 15:47:20,315,84.7,Anonymous Broker,Anonymous Broker
2019-02-01 15:47:20,41,84.7,Anonymous Broker,Anonymous Broker
2019-02-01 15:47:20,348,84.7,Anonymous Broker,Anonymous Broker
2019-02-01 15:45:14,100,84.7,Anonymous Broker,Anonymous Broker
2019-02-01 15:44:36,5,84.7,Anonymous Broker,Anonymous Broker
2019-02-01 15:41:13,16,84.6,Anonymous Broker,Anonymous Broker
2019-02-01 15:41:13,19,84.6,Anonymous Broker,Anonymous Broker
2019-02-01 15:41:13,6,84.6,Anonymous Broker,Anonymous Broker
2019-02-01 15:41:13,40,84.6,Anonymous Broker,Anonymous Broker
2019-02-01 15:41:13,451,84.6,Anonymous Broker,Anonymous Broker
2019-02-01 15:41:03,2,84.5,Anonymous Broker,Anonymous Broker
2019-02-01 15:38:20,1,84.5,Anonymous Broker,Anonymous Broker
2019-02-01 15:38:20,52,84.5,Anonymous Broker,Anonymous Broker
2019-02-01 15:38:20,148,84.5,Anonymous Broker,Anonymous Broker
2019-02-01 15:38:20,2,84.5,Anonymous Broker,Anonymous Broker
2019-02-01 15:38:20,140,84.5,Anonymous Broker,Anonymous Broker
2019-02-01 15:32:41,14,84.4,Anonymous Broker,Anonymous Broker
2019-02-01 15:32:08,55,84.4,Anonymous Broker,Anonymous Broker
2019-02-01 15:32:08,770,84.5,Anonymous Broker,Anonymous Broker
2019-02-01 15:32:08,355,84.5,Anonymous Broker,Anonymous Broker
2019-02-01 15:32:08,760,84.5,Anonymous Broker,Anonymous Broker
2019-02-01 15:32:08,366,84.5,Anonymous Broker,Anonymous Broker
2019-02-01 15:32:08,169,84.5,Anonymous Broker,Anonymous Broker
2019-02-01 15:32:08,152,84.5,Anonymous Broker,Anonymous Broker
2019-02-01 15:32:08,1000,84.5,Anonymous Broker,Anonymous Broker
2019-02-01 15:31:28,400,84.6,Anonymous Broker,Anonymous Broker
2019-02-01 15:29:34,672,84.6,Anonymous Broker,Anonymous Broker
2019-02-01 15:29:34,1000,84.6,Anonymous Broker,Anonymous Broker
2019-02-01 15:29:32,5,84.7,Anonymous Broker,Anonymous Broker
2019-02-01 15:29:32,9,84.7,Anonymous Broker,Anonymous Broker
2019-02-01 15:29:32,19,84.7,Anonymous Broker,Anonymous Broker
2019-02-01 15:29:32,291,84.7,Anonymous Broker,Anonymous Broker
2019-02-01 15:29:32,41,84.7,Anonymous Broker,Anonymous Broker
2019-02-01 15:29:32,165,84.7,Anonymous Broker,Anonymous Broker
2019-02-01 15:29:32,53,84.7,Anonymous Broker,Anonymous Broker
2019-02-01 15:29:32,923,84.7,Anonymous Broker,Anonymous Broker
2019-02-01 15:29:32,524,84.7,Anonymous Broker,Anonymous Broker
2019-02-01 15:28:08,67,84.6,Anonymous Broker,Anonymous Broker
2019-02-01 15:26:45,3,84.6,Anonymous Broker,Anonymous Broker
2019-02-01 15:26:45,671,84.6,Anonymous Broker,Anonymous Broker
2019-02-01 15:26:45,4,84.6,Anonymous Broker,Anonymous Broker
2019-02-01 15:26:45,329,84.6,Anonymous Broker,Anonymous Broker
2019-02-01 15:25:15,28,84.5,Anonymous Broker,Anonymous Broker
2019-02-01 15:23:45,11,84.6,Anonymous Broker,Anonymous Broker
2019-02-01 15:23:45,9,84.6,Anonymous Broker,Anonymous Broker
2019-02-01 15:23:45,500,84.6,Anonymous Broker,Anonymous Broker
2019-02-01 15:23:45,480,84.6,Anonymous Broker,Anonymous Broker
2019-02-01 15:23:41,6,84.5,Anonymous Broker,Anonymous Broker
2019-02-01 15:23:41,263,84.5,Anonymous Broker,Anonymous Broker
2019-02-01 15:23:41,348,84.5,Anonymous Broker,Anonymous Broker
2019-02-01 15:23:41,500,84.5,Anonymous Broker,Anonymous Broker
2019-02-01 15:23:36,330,84.7,Anonymous Broker,Anonymous Broker
2019-02-01 15:23:36,70,84.7,Anonymous Broker,Anonymous Broker
2019-02-01 15:23:36,30,84.7,Anonymous Broker,Anonymous Broker
2019-02-01 15:23:36,290,84.7,Anonymous Broker,Anonymous Broker
2019-02-01 15:23:36,95,84.7,Anonymous Broker,Anonymous Broker
2019-02-01 15:23:36,702,84.8,Anonymous Broker,Anonymous Broker
2019-02-01 15:23:36,670,84.8,Anonymous Broker,Anonymous Broker
2019-02-01 15:23:36,714,84.8,Anonymous Broker,Anonymous Broker
2019-02-01 15:23:36,1000,84.8,Anonymous Broker,Anonymous Broker
2019-02-01 15:21:56,126,84.9,Anonymous Broker,Anonymous Broker
2019-02-01 15:21:56,383,84.9,Anonymous Broker,Anonymous Broker
2019-02-01 15:21:56,472,84.9,Anonymous Broker,Anonymous Broker
2019-02-01 15:21:56,19,84.9,Anonymous Broker,Anonymous Broker
2019-02-01 15:21:19,60,84.9,Anonymous Broker,Anonymous Broker
2019-02-01 15:13:42,21,84.9,Anonymous Broker,Anonymous Broker
2019-02-01 15:13:42,605,84.9,Anonymous Broker,Anonymous Broker
2019-02-01 15:13:42,434,84.9,Anonymous Broker,Anonymous Broker
2019-02-01 15:13:24,108,85.0,Anonymous Broker,Anonymous Broker
2019-02-01 15:13:24,561,85.0,Anonymous Broker,Anonymous Broker
2019-02-01 15:13:24,303,85.0,Anonymous Broker,Anonymous Broker
2019-02-01 15:13:24,40,85.0,Anonymous Broker,Anonymous Broker
2019-02-01 15:13:24,338,85.0,Anonymous Broker,Anonymous Broker
2019-02-01 15:13:24,149,85.0,Anonymous Broker,Anonymous Broker
2019-02-01 15:09:57,13,85.0,Anonymous Broker,Anonymous Broker
2019-02-01 15:08:49,698,84.9,Anonymous Broker,Anonymous Broker
2019-02-01 15:08:49,8,84.9,Anonymous Broker,Anonymous Broker
2019-02-01 15:08:30,240,84.8,Anonymous Broker,Anonymous Broker
2019-02-01 15:08:30,38,84.8,Anonymous Broker,Anonymous Broker
2019-02-01 15:06:22,429,85.0,Anonymous Broker,Anonymous Broker
2019-02-01 15:06:22,318,85.0,Anonymous Broker,Anonymous Broker
2019-02-01 15:06:22,687,85.0,Anonymous Broker,Anonymous Broker
2019-02-01 15:06:22,339,85.0,Anonymous Broker,Anonymous Broker
2019-02-01 15:06:22,50,85.0,Anonymous Broker,Anonymous Broker
2019-02-01 15:06:15,454,85.1,Anonymous Broker,Anonymous Broker
2019-02-01 15:06:15,109,85.1,Anonymous Broker,Anonymous Broker
2019-02-01 15:06:15,345,85.1,Anonymous Broker,Anonymous Broker
2019-02-01 15:06:15,416,85.1,Anonymous Broker,Anonymous Broker
2019-02-01 15:06:15,701,85.1,Anonymous Broker,Anonymous Broker
2019-02-01 15:06:15,138,85.1,Anonymous Broker,Anonymous Broker
2019-02-01 15:06:15,91,85.1,Anonymous Broker,Anonymous Broker
2019-02-01 15:06:07,187,85.1,Anonymous Broker,Anonymous Broker
2019-02-01 15:06:07,500,85.1,Anonymous Broker,Anonymous Broker
2019-02-01 15:01:57,116,85.2,Anonymous Broker,Anonymous Broker
2019-02-01 15:01:57,355,85.2,Anonymous Broker,Anonymous Broker
2019-02-01 15:01:57,529,85.2,Anonymous Broker,Anonymous Broker
2019-02-01 15:01:40,251,85.1,Anonymous Broker,Anonymous Broker
2019-02-01 15:01:40,349,85.1,Anonymous Broker,Anonymous Broker
2019-02-01 15:01:40,5,85.1,Anonymous Broker,Anonymous Broker
2019-02-01 15:01:25,123,85.0,Anonymous Broker,Anonymous Broker
2019-02-01 15:01:24,34,85.0,Anonymous Broker,Anonymous Broker
2019-02-01 15:01:24,37,85.0,Anonymous Broker,Anonymous Broker
2019-02-01 15:01:24,415,85.0,Anonymous Broker,Anonymous Broker
2019-02-01 15:01:24,39,85.0,Anonymous Broker,Anonymous Broker
2019-02-01 15:01:24,83,85.0,Anonymous Broker,Anonymous Broker
2019-02-01 14:57:14,35,84.9,Anonymous Broker,Anonymous Broker
2019-02-01 14:57:14,39,84.9,Anonymous Broker,Anonymous Broker
2019-02-01 14:57:14,243,84.9,Anonymous Broker,Anonymous Broker
2019-02-01 14:57:14,48,84.9,Anonymous Broker,Anonymous Broker
2019-02-01 14:56:44,268,85.1,Anonymous Broker,Anonymous Broker
2019-02-01 14:56:41,400,85.2,Anonymous Broker,Anonymous Broker
2019-02-01 14:56:41,500,85.1,Anonymous Broker,Anonymous Broker
2019-02-01 14:56:41,1191,85.2,Anonymous Broker,Anonymous Broker
2019-02-01 14:56:41,200,85.2,Anonymous Broker,Anonymous Broker
2019-02-01 14:56:41,404,85.3,Anonymous Broker,Anonymous Broker
2019-02-01 14:56:41,393,85.3,Anonymous Broker,Anonymous Broker
2019-02-01 14:56:41,724,85.3,Anonymous Broker,Anonymous Broker
2019-02-01 14:56:41,500,85.3,Anonymous Broker,Anonymous Broker
2019-02-01 14:56:40,756,85.5,Anonymous Broker,Anonymous Broker
2019-02-01 14:56:40,643,85.5,Anonymous Broker,Anonymous Broker
2019-02-01 14:56:40,530,85.5,Anonymous Broker,Anonymous Broker
2019-02-01 14:56:40,374,85.5,Anonymous Broker,Anonymous Broker
2019-02-01 14:56:40,331,85.5,Anonymous Broker,Anonymous Broker
2019-02-01 14:56:40,700,85.5,Anonymous Broker,Anonymous Broker
2019-02-01 14:54:59,100,85.6,Anonymous Broker,Anonymous Broker
2019-02-01 14:51:42,500,85.5,Anonymous Broker,Anonymous Broker
2019-02-01 14:51:42,146,85.5,Anonymous Broker,Anonymous Broker
2019-02-01 14:51:42,390,85.5,Anonymous Broker,Anonymous Broker
2019-02-01 14:51:42,290,85.5,Anonymous Broker,Anonymous Broker
2019-02-01 14:48:09,783,85.4,Anonymous Broker,Anonymous Broker
2019-02-01 14:48:09,38,85.4,Anonymous Broker,Anonymous Broker
2019-02-01 14:48:09,38,85.4,Anonymous Broker,Anonymous Broker
2019-02-01 14:47:50,265,85.4,Anonymous Broker,Anonymous Broker
2019-02-01 14:46:19,257,85.3,Anonymous Broker,Anonymous Broker
2019-02-01 14:46:19,370,85.3,Anonymous Broker,Anonymous Broker
2019-02-01 14:46:02,37,85.2,Anonymous Broker,Anonymous Broker
2019-02-01 14:46:02,41,85.2,Anonymous Broker,Anonymous Broker
2019-02-01 14:46:02,184,85.2,Anonymous Broker,Anonymous Broker
2019-02-01 14:44:04,148,85.2,Anonymous Broker,Anonymous Broker
2019-02-01 14:44:04,300,85.2,Anonymous Broker,Anonymous Broker
2019-02-01 14:44:04,206,85.2,Anonymous Broker,Anonymous Broker
2019-02-01 14:40:14,230,85.1,Anonymous Broker,Anonymous Broker
2019-02-01 14:40:14,364,85.1,Anonymous Broker,Anonymous Broker
2019-02-01 14:40:14,264,85.1,Anonymous Broker,Anonymous Broker
2019-02-01 14:36:09,363,85.0,Anonymous Broker,Anonymous Broker
2019-02-01 14:36:09,435,85.0,Anonymous Broker,Anonymous Broker
2019-02-01 14:36:09,158,85.0,Anonymous Broker,Anonymous Broker
2019-02-01 14:33:58,213,84.9,Anonymous Broker,Anonymous Broker
2019-02-01 14:33:58,490,84.9,Anonymous Broker,Anonymous Broker
2019-02-01 14:33:58,330,84.9,Anonymous Broker,Anonymous Broker
2019-02-01 14:33:58,397,84.9,Anonymous Broker,Anonymous Broker
2019-02-01 14:33:58,666,85.0,Anonymous Broker,Anonymous Broker
2019-02-01 14:33:58,674,85.0,Anonymous Broker,Anonymous Broker
2019-02-01 14:33:58,1571,85.0,Anonymous Broker,Anonymous Broker
2019-02-01 14:33:58,153,85.0,Anonymous Broker,Anonymous Broker
2019-02-01 14:33:58,500,85.0,Anonymous Broker,Anonymous Broker
2019-02-01 14:32:09,33,85.0,Anonymous Broker,Anonymous Broker
2019-02-01 14:32:09,333,85.0,Anonymous Broker,Anonymous Broker
2019-02-01 14:32:09,232,85.0,Anonymous Broker,Anonymous Broker
2019-02-01 14:32:09,101,85.0,Anonymous Broker,Anonymous Broker
2019-02-01 14:32:09,65,85.0,Anonymous Broker,Anonymous Broker
2019-02-01 14:32:09,268,85.0,Anonymous Broker,Anonymous Broker
2019-02-01 14:32:09,198,85.0,Anonymous Broker,Anonymous Broker
2019-02-01 14:32:09,759,85.0,Anonymous Broker,Anonymous Broker
2019-02-01 14:32:09,230,85.0,Anonymous Broker,Anonymous Broker
2019-02-01 14:32:09,535,85.0,Anonymous Broker,Anonymous Broker
2019-02-01 14:30:10,1,84.9,Anonymous Broker,Anonymous Broker
2019-02-01 14:30:10,2,84.9,Anonymous Broker,Anonymous Broker
2019-02-01 14:30:10,4,84.9,Anonymous Broker,Anonymous Broker
2019-02-01 14:30:10,9,84.9,Anonymous Broker,Anonymous Broker
2019-02-01 14:30:10,19,84.9,Anonymous Broker,Anonymous Broker
2019-02-01 14:30:10,39,84.9,Anonymous Broker,Anonymous Broker
2019-02-01 14:30:10,231,84.9,Anonymous Broker,Anonymous Broker
2019-02-01 14:30:10,38,84.9,Anonymous Broker,Anonymous Broker
2019-02-01 14:24:32,420,84.8,Anonymous Broker,Anonymous Broker
2019-02-01 14:24:31,93,84.8,Anonymous Broker,Anonymous Broker
2019-02-01 14:24:31,154,84.8,Anonymous Broker,Anonymous Broker
2019-02-01 14:24:31,290,84.8,Anonymous Broker,Anonymous Broker
2019-02-01 14:20:31,574,84.7,Anonymous Broker,Anonymous Broker
2019-02-01 14:20:31,7,84.7,Anonymous Broker,Anonymous Broker
2019-02-01 14:20:31,650,84.7,Anonymous Broker,Anonymous Broker
2019-02-01 14:13:22,4,84.7,Anonymous Broker,Anonymous Broker
2019-02-01 14:11:12,149,84.7,Anonymous Broker,Anonymous Broker
2019-02-01 14:11:12,186,84.7,Anonymous Broker,Anonymous Broker
2019-02-01 14:11:12,469,84.7,Anonymous Broker,Anonymous Broker
2019-02-01 14:11:12,500,84.7,Anonymous Broker,Anonymous Broker
2019-02-01 14:11:12,781,84.7,Anonymous Broker,Anonymous Broker
2019-02-01 14:11:12,629,84.7,Anonymous Broker,Anonymous Broker
2019-02-01 14:11:12,26,84.7,Anonymous Broker,Anonymous Broker
2019-02-01 14:11:12,403,84.7,Anonymous Broker,Anonymous Broker
2019-02-01 14:10:39,761,84.8,Anonymous Broker,Anonymous Broker
2019-02-01 14:10:39,38,84.8,Anonymous Broker,Anonymous Broker
2019-02-01 14:10:39,6,84.8,Anonymous Broker,Anonymous Broker
2019-02-01 14:10:39,42,84.8,Anonymous Broker,Anonymous Broker
2019-02-01 14:10:39,108,84.8,Anonymous Broker,Anonymous Broker
2019-02-01 14:10:39,45,84.8,Anonymous Broker,Anonymous Broker
2019-02-01 14:09:45,281,84.8,Anonymous Broker,Anonymous Broker
2019-02-01 14:09:45,343,84.8,Anonymous Broker,Anonymous Broker
2019-02-01 14:03:37,1,84.7,Anonymous Broker,Anonymous Broker
2019-02-01 14:03:29,113,84.7,Anonymous Broker,Anonymous Broker
2019-02-01 14:03:29,1,84.7,Anonymous Broker,Anonymous Broker
2019-02-01 14:03:29,181,84.7,Anonymous Broker,Anonymous Broker
2019-02-01 14:03:29,548,84.7,Anonymous Broker,Anonymous Broker
2019-02-01 14:02:59,14,84.7,Anonymous Broker,Anonymous Broker
2019-02-01 13:58:36,52,84.6,Anonymous Broker,Anonymous Broker
2019-02-01 13:58:36,347,84.6,Anonymous Broker,Anonymous Broker
2019-02-01 13:55:45,397,84.6,Anonymous Broker,Anonymous Broker
2019-02-01 13:55:45,9,84.6,Anonymous Broker,Anonymous Broker
2019-02-01 13:53:30,80,84.6,Anonymous Broker,Anonymous Broker
2019-02-01 13:53:30,645,84.6,Anonymous Broker,Anonymous Broker
2019-02-01 13:53:30,457,84.6,Anonymous Broker,Anonymous Broker
2019-02-01 13:53:21,1,84.6,Anonymous Broker,Anonymous Broker
2019-02-01 13:53:21,42,84.6,Anonymous Broker,Anonymous Broker
2019-02-01 13:53:21,330,84.6,Anonymous Broker,Anonymous Broker
2019-02-01 13:53:21,608,84.7,Anonymous Broker,Anonymous Broker
2019-02-01 13:53:21,45,84.6,Anonymous Broker,Anonymous Broker
2019-02-01 13:53:21,608,84.6,Anonymous Broker,Anonymous Broker
2019-02-01 13:53:21,802,84.6,Anonymous Broker,Anonymous Broker
2019-02-01 13:53:21,620,84.6,Anonymous Broker,Anonymous Broker
2019-02-01 13:53:21,608,84.6,Anonymous Broker,Anonymous Broker
2019-02-01 13:53:21,520,84.6,Anonymous Broker,Anonymous Broker
2019-02-01 13:53:21,732,84.6,Anonymous Broker,Anonymous Broker
2019-02-01 13:53:21,1,84.6,Anonymous Broker,Anonymous Broker
2019-02-01 13:53:21,2,84.6,Anonymous Broker,Anonymous Broker
2019-02-01 13:53:21,500,84.6,Anonymous Broker,Anonymous Broker
2019-02-01 13:48:17,195,84.5,Anonymous Broker,Anonymous Broker
2019-02-01 13:48:17,500,84.5,Anonymous Broker,Anonymous Broker
2019-02-01 13:48:17,500,84.5,Anonymous Broker,Anonymous Broker
2019-02-01 13:46:52,269,84.6,Anonymous Broker,Anonymous Broker
2019-02-01 13:46:52,395,84.6,Anonymous Broker,Anonymous Broker
2019-02-01 13:46:52,354,84.6,Anonymous Broker,Anonymous Broker
2019-02-01 13:46:52,500,84.6,Anonymous Broker,Anonymous Broker
2019-02-01 13:46:46,342,84.7,Anonymous Broker,Anonymous Broker
2019-02-01 13:46:46,517,84.7,Anonymous Broker,Anonymous Broker
2019-02-01 13:46:46,15,84.7,Anonymous Broker,Anonymous Broker
2019-02-01 13:46:33,446,84.8,Anonymous Broker,Anonymous Broker
2019-02-01 13:46:33,292,84.8,Anonymous Broker,Anonymous Broker
2019-02-01 13:45:55,310,84.9,Anonymous Broker,Anonymous Broker
2019-02-01 13:45:55,500,84.9,Anonymous Broker,Anonymous Broker
2019-02-01 13:45:55,2,84.9,Anonymous Broker,Anonymous Broker
2019-02-01 13:45:55,5,84.9,Anonymous Broker,Anonymous Broker
2019-02-01 13:45:55,128,84.9,Anonymous Broker,Anonymous Broker
2019-02-01 13:45:24,61,84.9,Anonymous Broker,Anonymous Broker
2019-02-01 13:45:24,5,84.9,Anonymous Broker,Anonymous Broker
2019-02-01 13:45:24,9,84.9,Anonymous Broker,Anonymous Broker
2019-02-01 13:44:53,770,84.9,Anonymous Broker,Anonymous Broker
2019-02-01 13:44:53,10,84.9,Anonymous Broker,Anonymous Broker
2019-02-01 13:44:53,20,84.9,Anonymous Broker,Anonymous Broker
2019-02-01 13:44:53,20,84.9,Anonymous Broker,Anonymous Broker
2019-02-01 13:44:53,302,84.9,Anonymous Broker,Anonymous Broker
2019-02-01 13:44:53,42,84.9,Anonymous Broker,Anonymous Broker
2019-02-01 13:44:53,43,84.9,Anonymous Broker,Anonymous Broker
2019-02-01 13:44:53,359,84.9,Anonymous Broker,Anonymous Broker
2019-02-01 13:44:53,141,84.9,Anonymous Broker,Anonymous Broker
2019-02-01 13:41:55,268,84.9,Anonymous Broker,Anonymous Broker
2019-02-01 13:41:46,744,85.0,Anonymous Broker,Anonymous Broker
2019-02-01 13:41:46,360,85.0,Anonymous Broker,Anonymous Broker
2019-02-01 13:41:46,55,85.0,Anonymous Broker,Anonymous Broker
2019-02-01 13:41:46,330,85.0,Anonymous Broker,Anonymous Broker
2019-02-01 13:41:46,253,85.0,Anonymous Broker,Anonymous Broker
2019-02-01 13:41:46,47,85.0,Anonymous Broker,Anonymous Broker
2019-02-01 13:41:46,119,85.0,Anonymous Broker,Anonymous Broker
2019-02-01 13:41:46,334,85.0,Anonymous Broker,Anonymous Broker
2019-02-01 13:41:46,499,85.0,Anonymous Broker,Anonymous Broker
2019-02-01 13:41:46,105,85.0,Anonymous Broker,Anonymous Broker
2019-02-01 13:41:46,50,85.0,Anonymous Broker,Anonymous Broker
2019-02-01 13:41:46,119,85.0,Anonymous Broker,Anonymous Broker
2019-02-01 13:41:44,62,85.1,Anonymous Broker,Anonymous Broker
2019-02-01 13:41:44,553,85.1,Anonymous Broker,Anonymous Broker
2019-02-01 13:41:44,349,85.1,Anonymous Broker,Anonymous Broker
2019-02-01 13:24:25,183,85.2,Anonymous Broker,Anonymous Broker
2019-02-01 13:24:25,125,85.2,Anonymous Broker,Anonymous Broker
2019-02-01 13:24:25,300,85.2,Anonymous Broker,Anonymous Broker
2019-02-01 13:24:25,100,85.2,Anonymous Broker,Anonymous Broker
2019-02-01 13:24:25,300,85.2,Anonymous Broker,Anonymous Broker
2019-02-01 13:24:25,3,85.2,Anonymous Broker,Anonymous Broker
2019-02-01 13:24:25,144,85.2,Anonymous Broker,Anonymous Broker
2019-02-01 13:24:19,267,85.3,Anonymous Broker,Anonymous Broker
2019-02-01 13:24:19,30,85.3,Anonymous Broker,Anonymous Broker
2019-02-01 13:24:19,113,85.3,Anonymous Broker,Anonymous Broker
2019-02-01 13:24:19,362,85.3,Anonymous Broker,Anonymous Broker
2019-02-01 13:24:15,750,85.4,Anonymous Broker,Anonymous Broker
2019-02-01 13:24:15,344,85.4,Anonymous Broker,Anonymous Broker
2019-02-01 13:24:15,679,85.4,Anonymous Broker,Anonymous Broker
2019-02-01 13:24:15,386,85.4,Anonymous Broker,Anonymous Broker
2019-02-01 13:24:15,619,85.4,Anonymous Broker,Anonymous Broker
2019-02-01 13:24:15,625,85.4,Anonymous Broker,Anonymous Broker
2019-02-01 13:24:15,496,85.4,Anonymous Broker,Anonymous Broker
2019-02-01 13:24:15,200,85.4,Anonymous Broker,Anonymous Broker
2019-02-01 13:22:37,50,85.5,Anonymous Broker,Anonymous Broker
2019-02-01 13:22:37,100,85.5,Anonymous Broker,Anonymous Broker
2019-02-01 13:16:03,21,85.5,Anonymous Broker,Anonymous Broker
2019-02-01 13:16:03,291,85.5,Anonymous Broker,Anonymous Broker
2019-02-01 13:15:55,50,85.6,Anonymous Broker,Anonymous Broker
2019-02-01 13:15:53,470,85.5,Anonymous Broker,Anonymous Broker
2019-02-01 13:15:53,463,85.5,Anonymous Broker,Anonymous Broker
2019-02-01 13:15:53,37,85.5,Anonymous Broker,Anonymous Broker
2019-02-01 13:15:53,41,85.5,Anonymous Broker,Anonymous Broker
2019-02-01 13:15:53,245,85.5,Anonymous Broker,Anonymous Broker
2019-02-01 13:15:53,288,85.5,Anonymous Broker,Anonymous Broker
2019-02-01 13:15:53,54,85.5,Anonymous Broker,Anonymous Broker
2019-02-01 13:14:35,100,85.5,Anonymous Broker,Anonymous Broker
2019-02-01 13:12:31,3,85.5,Anonymous Broker,Anonymous Broker
2019-02-01 13:10:29,332,85.4,Anonymous Broker,Anonymous Broker
2019-02-01 13:10:29,356,85.4,Anonymous Broker,Anonymous Broker
2019-02-01 13:08:48,2,85.3,Anonymous Broker,Anonymous Broker
2019-02-01 13:08:25,501,85.3,Anonymous Broker,Anonymous Broker
2019-02-01 13:08:25,45,85.3,Anonymous Broker,Anonymous Broker
2019-02-01 13:08:25,500,85.3,Anonymous Broker,Anonymous Broker
2019-02-01 13:06:47,367,85.3,Anonymous Broker,Anonymous Broker
2019-02-01 13:06:47,170,85.3,Anonymous Broker,Anonymous Broker
2019-02-01 13:06:47,470,85.3,Anonymous Broker,Anonymous Broker
2019-02-01 13:05:04,608,85.4,Anonymous Broker,Anonymous Broker
2019-02-01 13:05:04,58,85.4,Anonymous Broker,Anonymous Broker
2019-02-01 13:04:57,35,85.4,Anonymous Broker,Anonymous Broker
2019-02-01 13:03:25,1000,85.5,Anonymous Broker,Anonymous Broker
2019-02-01 13:03:25,105,85.5,Anonymous Broker,Anonymous Broker
2019-02-01 13:00:38,316,85.7,Anonymous Broker,Anonymous Broker
2019-02-01 13:00:38,634,85.7,Anonymous Broker,Anonymous Broker
2019-02-01 13:00:33,634,85.8,Anonymous Broker,Anonymous Broker
2019-02-01 13:00:33,500,85.8,Anonymous Broker,Anonymous Broker
2019-02-01 13:00:33,284,85.8,Anonymous Broker,Anonymous Broker
2019-02-01 13:00:33,163,85.8,Anonymous Broker,Anonymous Broker
2019-02-01 13:00:33,471,85.8,Anonymous Broker,Anonymous Broker
2019-02-01 13:00:33,1650,85.8,Anonymous Broker,Anonymous Broker
2019-02-01 13:00:33,500,85.8,Anonymous Broker,Anonymous Broker
2019-02-01 13:00:33,343,85.8,Anonymous Broker,Anonymous Broker
2019-02-01 13:00:33,419,85.8,Anonymous Broker,Anonymous Broker
2019-02-01 13:00:16,17,85.7,Anonymous Broker,Anonymous Broker
2019-02-01 13:00:16,19,85.7,Anonymous Broker,Anonymous Broker
2019-02-01 13:00:01,40,85.7,Anonymous Broker,Anonymous Broker
2019-02-01 13:00:01,498,85.7,Anonymous Broker,Anonymous Broker
2019-02-01 12:58:39,2,85.7,Anonymous Broker,Anonymous Broker
2019-02-01 12:58:32,99,85.6,Anonymous Broker,Anonymous Broker
2019-02-01 12:58:32,245,85.6,Anonymous Broker,Anonymous Broker
2019-02-01 12:58:29,341,85.7,Anonymous Broker,Anonymous Broker
2019-02-01 12:58:29,729,85.7,Anonymous Broker,Anonymous Broker
2019-02-01 12:58:29,661,85.7,Anonymous Broker,Anonymous Broker
2019-02-01 12:58:29,346,85.7,Anonymous Broker,Anonymous Broker
2019-02-01 12:58:29,1292,85.7,Anonymous Broker,Anonymous Broker
2019-02-01 12:58:29,250,85.7,Anonymous Broker,Anonymous Broker
2019-02-01 12:58:29,500,85.7,Anonymous Broker,Anonymous Broker
2019-02-01 12:57:06,431,85.8,Anonymous Broker,Anonymous Broker
2019-02-01 12:57:06,255,85.8,Anonymous Broker,Anonymous Broker
2019-02-01 12:53:02,245,85.8,Anonymous Broker,Anonymous Broker
2019-02-01 12:53:00,213,85.7,Anonymous Broker,Anonymous Broker
2019-02-01 12:53:00,640,85.7,Anonymous Broker,Anonymous Broker
2019-02-01 12:51:23,24,85.7,Anonymous Broker,Anonymous Broker
2019-02-01 12:50:44,6,85.6,Anonymous Broker,Anonymous Broker
2019-02-01 12:50:44,264,85.6,Anonymous Broker,Anonymous Broker
2019-02-01 12:48:51,200,85.6,Anonymous Broker,Anonymous Broker
2019-02-01 12:47:50,353,85.6,Anonymous Broker,Anonymous Broker
2019-02-01 12:47:50,264,85.6,Anonymous Broker,Anonymous Broker
2019-02-01 12:45:52,36,85.5,Anonymous Broker,Anonymous Broker
2019-02-01 12:45:52,40,85.5,Anonymous Broker,Anonymous Broker
2019-02-01 12:45:52,97,85.5,Anonymous Broker,Anonymous Broker
2019-02-01 12:45:52,435,85.5,Anonymous Broker,Anonymous Broker
2019-02-01 12:45:52,349,85.5,Anonymous Broker,Anonymous Broker
2019-02-01 12:44:19,52,85.5,Anonymous Broker,Anonymous Broker
2019-02-01 12:44:17,52,85.5,Anonymous Broker,Anonymous Broker
2019-02-01 12:44:16,10,85.5,Anonymous Broker,Anonymous Broker
2019-02-01 12:41:20,1000,85.4,Anonymous Broker,Anonymous Broker
2019-02-01 12:40:12,40,85.4,Anonymous Broker,Anonymous Broker
2019-02-01 12:40:12,529,85.4,Anonymous Broker,Anonymous Broker
2019-02-01 12:40:12,569,85.4,Anonymous Broker,Anonymous Broker
2019-02-01 12:40:12,609,85.4,Anonymous Broker,Anonymous Broker
2019-02-01 12:40:12,16,85.4,Anonymous Broker,Anonymous Broker
2019-02-01 12:39:19,126,85.3,Anonymous Broker,Anonymous Broker
2019-02-01 12:38:15,420,85.3,Anonymous Broker,Anonymous Broker
2019-02-01 12:38:05,16,85.3,Anonymous Broker,Anonymous Broker
2019-02-01 12:38:05,474,85.3,Anonymous Broker,Anonymous Broker
2019-02-01 12:38:05,248,85.3,Anonymous Broker,Anonymous Broker
2019-02-01 12:38:05,19,85.3,Anonymous Broker,Anonymous Broker
2019-02-01 12:37:29,50,85.3,Anonymous Broker,Anonymous Broker
2019-02-01 12:37:29,50,85.3,Anonymous Broker,Anonymous Broker
2019-02-01 12:37:29,251,85.3,Anonymous Broker,Anonymous Broker
2019-02-01 12:34:55,161,85.4,Anonymous Broker,Anonymous Broker
2019-02-01 12:34:55,200,85.4,Anonymous Broker,Anonymous Broker
2019-02-01 12:33:50,117,85.5,Anonymous Broker,Anonymous Broker
2019-02-01 12:33:50,521,85.5,Anonymous Broker,Anonymous Broker
2019-02-01 12:33:50,157,85.5,Anonymous Broker,Anonymous Broker
2019-02-01 12:33:50,751,85.5,Anonymous Broker,Anonymous Broker
2019-02-01 12:33:50,1216,85.5,Anonymous Broker,Anonymous Broker
2019-02-01 12:33:50,34,85.5,Anonymous Broker,Anonymous Broker
2019-02-01 12:29:07,50,85.5,Anonymous Broker,Anonymous Broker
2019-02-01 12:28:52,290,85.7,Anonymous Broker,Anonymous Broker
2019-02-01 12:28:02,92,85.7,Anonymous Broker,Anonymous Broker
2019-02-01 12:27:42,308,85.7,Anonymous Broker,Anonymous Broker
2019-02-01 12:27:42,490,85.7,Anonymous Broker,Anonymous Broker
2019-02-01 12:27:42,266,85.7,Anonymous Broker,Anonymous Broker
2019-02-01 12:27:42,131,85.7,Anonymous Broker,Anonymous Broker
2019-02-01 12:27:42,861,85.7,Anonymous Broker,Anonymous Broker
2019-02-01 12:27:40,354,85.9,Anonymous Broker,Anonymous Broker
2019-02-01 12:27:40,717,85.9,Anonymous Broker,Anonymous Broker
2019-02-01 12:27:40,715,85.9,Anonymous Broker,Anonymous Broker
2019-02-01 12:27:40,425,85.9,Anonymous Broker,Anonymous Broker
2019-02-01 12:27:40,371,85.9,Anonymous Broker,Anonymous Broker
2019-02-01 12:27:40,8,85.9,Anonymous Broker,Anonymous Broker
2019-02-01 12:27:40,1250,85.9,Anonymous Broker,Anonymous Broker
2019-02-01 12:27:33,261,86.0,Anonymous Broker,Anonymous Broker
2019-02-01 12:27:33,682,86.0,Anonymous Broker,Anonymous Broker
2019-02-01 12:27:33,261,86.0,Anonymous Broker,Anonymous Broker
2019-02-01 12:27:33,500,86.0,Anonymous Broker,Anonymous Broker
2019-02-01 12:27:33,341,86.0,Anonymous Broker,Anonymous Broker
2019-02-01 12:27:33,40,86.0,Anonymous Broker,Anonymous Broker
2019-02-01 12:27:33,221,86.0,Anonymous Broker,Anonymous Broker
2019-02-01 12:27:33,940,86.0,Anonymous Broker,Anonymous Broker
2019-02-01 12:27:33,678,86.0,Anonymous Broker,Anonymous Broker
2019-02-01 12:26:04,33,86.0,Anonymous Broker,Anonymous Broker
2019-02-01 12:22:00,224,85.9,Anonymous Broker,Anonymous Broker
2019-02-01 12:21:36,100,85.9,Anonymous Broker,Anonymous Broker
2019-02-01 12:19:58,100,85.9,Anonymous Broker,Anonymous Broker
2019-02-01 12:13:45,8,85.7,Anonymous Broker,Anonymous Broker
2019-02-01 12:13:09,663,85.7,Anonymous Broker,Anonymous Broker
2019-02-01 12:13:09,46,85.7,Anonymous Broker,Anonymous Broker
2019-02-01 12:13:09,10,85.7,Anonymous Broker,Anonymous Broker
2019-02-01 12:13:03,10,85.7,Anonymous Broker,Anonymous Broker
2019-02-01 12:12:57,10,85.7,Anonymous Broker,Anonymous Broker
2019-02-01 12:12:51,13,85.7,Anonymous Broker,Anonymous Broker
2019-02-01 12:12:43,376,85.7,Anonymous Broker,Anonymous Broker
2019-02-01 12:12:33,16,85.7,Anonymous Broker,Anonymous Broker
2019-02-01 12:12:33,500,85.7,Anonymous Broker,Anonymous Broker
2019-02-01 12:12:33,19,85.7,Anonymous Broker,Anonymous Broker
2019-02-01 12:11:42,14,85.7,Anonymous Broker,Anonymous Broker
2019-02-01 12:11:42,40,85.7,Anonymous Broker,Anonymous Broker
2019-02-01 12:07:00,266,85.7,Anonymous Broker,Anonymous Broker
2019-02-01 12:07:00,336,85.7,Anonymous Broker,Anonymous Broker
2019-02-01 12:07:00,9,85.7,Anonymous Broker,Anonymous Broker
2019-02-01 12:06:55,293,85.8,Anonymous Broker,Anonymous Broker
2019-02-01 12:06:55,411,85.8,Anonymous Broker,Anonymous Broker
2019-02-01 12:06:55,521,85.8,Anonymous Broker,Anonymous Broker
2019-02-01 12:06:50,720,85.9,Anonymous Broker,Anonymous Broker
2019-02-01 12:06:50,381,85.9,Anonymous Broker,Anonymous Broker
2019-02-01 12:06:50,340,85.9,Anonymous Broker,Anonymous Broker
2019-02-01 12:06:50,371,85.9,Anonymous Broker,Anonymous Broker
2019-02-01 12:06:18,527,86.0,Anonymous Broker,Anonymous Broker
2019-02-01 12:06:18,166,86.0,Anonymous Broker,Anonymous Broker
2019-02-01 12:06:18,49,86.0,Anonymous Broker,Anonymous Broker
2019-02-01 12:06:18,373,86.0,Anonymous Broker,Anonymous Broker
2019-02-01 12:06:18,154,86.0,Anonymous Broker,Anonymous Broker
2019-02-01 12:06:18,921,86.0,Anonymous Broker,Anonymous Broker
2019-02-01 12:06:18,505,86.0,Anonymous Broker,Anonymous Broker
2019-02-01 12:05:29,139,85.9,Anonymous Broker,Anonymous Broker
2019-02-01 12:05:29,148,85.9,Anonymous Broker,Anonymous Broker
2019-02-01 12:05:29,8,85.9,Anonymous Broker,Anonymous Broker
2019-02-01 12:02:09,100,85.8,Anonymous Broker,Anonymous Broker
2019-02-01 11:57:31,250,85.8,Anonymous Broker,Anonymous Broker
2019-02-01 11:57:31,500,85.8,Anonymous Broker,Anonymous Broker
2019-02-01 11:57:31,450,85.8,Anonymous Broker,Anonymous Broker
2019-02-01 11:56:16,94,85.7,Anonymous Broker,Anonymous Broker
2019-02-01 11:56:16,406,85.7,Anonymous Broker,Anonymous Broker
2019-02-01 11:56:16,631,85.8,Anonymous Broker,Anonymous Broker
2019-02-01 11:56:16,349,85.8,Anonymous Broker,Anonymous Broker
2019-02-01 11:56:16,265,85.9,Anonymous Broker,Anonymous Broker
2019-02-01 11:56:16,435,85.9,Anonymous Broker,Anonymous Broker
2019-02-01 11:56:16,65,85.9,Anonymous Broker,Anonymous Broker
2019-02-01 11:56:16,632,85.9,Anonymous Broker,Anonymous Broker
2019-02-01 11:56:16,1225,85.9,Anonymous Broker,Anonymous Broker
2019-02-01 11:56:16,353,85.9,Anonymous Broker,Anonymous Broker
2019-02-01 11:52:35,1000,86.0,Anonymous Broker,Anonymous Broker
2019-02-01 11:51:37,558,85.8,Anonymous Broker,Anonymous Broker
2019-02-01 11:51:37,500,85.8,Anonymous Broker,Anonymous Broker
2019-02-01 11:51:16,22,85.7,Anonymous Broker,Anonymous Broker
2019-02-01 11:51:16,258,85.7,Anonymous Broker,Anonymous Broker
2019-02-01 11:51:16,66,85.7,Anonymous Broker,Anonymous Broker
2019-02-01 11:51:16,340,85.7,Anonymous Broker,Anonymous Broker
2019-02-01 11:51:16,294,85.7,Anonymous Broker,Anonymous Broker
2019-02-01 11:50:21,500,85.6,Anonymous Broker,Anonymous Broker
2019-02-01 11:50:21,550,85.6,Anonymous Broker,Anonymous Broker
2019-02-01 11:50:21,28,85.6,Anonymous Broker,Anonymous Broker
2019-02-01 11:50:21,456,85.6,Anonymous Broker,Anonymous Broker
2019-02-01 11:50:00,146,85.5,Anonymous Broker,Anonymous Broker
2019-02-01 11:50:00,36,85.5,Anonymous Broker,Anonymous Broker
2019-02-01 11:50:00,41,85.5,Anonymous Broker,Anonymous Broker
2019-02-01 11:50:00,391,85.5,Anonymous Broker,Anonymous Broker
2019-02-01 11:50:00,168,85.5,Anonymous Broker,Anonymous Broker
2019-02-01 11:50:00,397,85.5,Anonymous Broker,Anonymous Broker
2019-02-01 11:46:48,320,85.4,Anonymous Broker,Anonymous Broker
2019-02-01 11:46:48,38,85.4,Anonymous Broker,Anonymous Broker
2019-02-01 11:46:48,629,85.4,Anonymous Broker,Anonymous Broker
2019-02-01 11:46:48,500,85.4,Anonymous Broker,Anonymous Broker
2019-02-01 11:46:48,469,85.4,Anonymous Broker,Anonymous Broker
2019-02-01 11:46:48,1,85.4,Anonymous Broker,Anonymous Broker
2019-02-01 11:43:56,16,85.3,Anonymous Broker,Anonymous Broker
2019-02-01 11:43:56,247,85.4,Anonymous Broker,Anonymous Broker
2019-02-01 11:43:56,234,85.3,Anonymous Broker,Anonymous Broker
2019-02-01 11:43:56,19,85.3,Anonymous Broker,Anonymous Broker
2019-02-01 11:43:48,267,85.3,Anonymous Broker,Anonymous Broker
2019-02-01 11:43:48,977,85.3,Anonymous Broker,Anonymous Broker
2019-02-01 11:43:48,23,85.3,Anonymous Broker,Anonymous Broker
2019-02-01 11:43:41,39,85.4,Anonymous Broker,Anonymous Broker
2019-02-01 11:43:41,64,85.4,Anonymous Broker,Anonymous Broker
2019-02-01 11:43:36,26,85.4,Anonymous Broker,Anonymous Broker
2019-02-01 11:43:36,400,85.5,Anonymous Broker,Anonymous Broker
2019-02-01 11:43:36,11,85.5,Anonymous Broker,Anonymous Broker
2019-02-01 11:43:36,401,85.6,Anonymous Broker,Anonymous Broker
2019-02-01 11:43:36,155,85.6,Anonymous Broker,Anonymous Broker
2019-02-01 11:43:36,200,85.6,Anonymous Broker,Anonymous Broker
2019-02-01 11:43:36,300,85.6,Anonymous Broker,Anonymous Broker
2019-02-01 11:42:23,169,85.7,Anonymous Broker,Anonymous Broker
2019-02-01 11:42:23,97,85.7,Anonymous Broker,Anonymous Broker
2019-02-01 11:42:23,69,85.7,Anonymous Broker,Anonymous Broker
2019-02-01 11:42:23,167,85.7,Anonymous Broker,Anonymous Broker
2019-02-01 11:42:23,391,85.7,Anonymous Broker,Anonymous Broker
2019-02-01 11:42:23,109,85.7,Anonymous Broker,Anonymous Broker
2019-02-01 11:42:23,393,85.7,Anonymous Broker,Anonymous Broker
2019-02-01 11:42:23,273,85.7,Anonymous Broker,Anonymous Broker
2019-02-01 11:42:23,727,85.7,Anonymous Broker,Anonymous Broker
2019-02-01 11:42:23,353,85.7,Anonymous Broker,Anonymous Broker
2019-02-01 11:42:23,647,85.7,Anonymous Broker,Anonymous Broker
2019-02-01 11:40:31,231,85.8,Anonymous Broker,Anonymous Broker
2019-02-01 11:40:07,117,85.8,Anonymous Broker,Anonymous Broker
2019-02-01 11:40:07,333,85.8,Anonymous Broker,Anonymous Broker
2019-02-01 11:36:00,669,85.9,Anonymous Broker,Anonymous Broker
2019-02-01 11:36:00,419,85.9,Anonymous Broker,Anonymous Broker
2019-02-01 11:36:00,527,85.9,Anonymous Broker,Anonymous Broker
2019-02-01 11:36:00,431,85.9,Anonymous Broker,Anonymous Broker
2019-02-01 11:36:00,782,85.9,Anonymous Broker,Anonymous Broker
2019-02-01 11:35:43,3,86.0,Anonymous Broker,Anonymous Broker
2019-02-01 11:35:40,45,86.0,Anonymous Broker,Anonymous Broker
2019-02-01 11:33:24,140,86.0,Anonymous Broker,Anonymous Broker
2019-02-01 11:33:00,127,86.0,Anonymous Broker,Anonymous Broker
2019-02-01 11:33:00,285,86.0,Anonymous Broker,Anonymous Broker
2019-02-01 11:33:00,500,86.0,Anonymous Broker,Anonymous Broker
2019-02-01 11:33:00,88,86.0,Anonymous Broker,Anonymous Broker
2019-02-01 11:31:41,39,86.0,Anonymous Broker,Anonymous Broker
2019-02-01 11:31:40,629,86.0,Anonymous Broker,Anonymous Broker
2019-02-01 11:31:40,680,86.0,Anonymous Broker,Anonymous Broker
2019-02-01 11:31:40,858,86.0,Anonymous Broker,Anonymous Broker
2019-02-01 11:31:40,139,86.0,Anonymous Broker,Anonymous Broker
2019-02-01 11:31:40,181,86.0,Anonymous Broker,Anonymous Broker
2019-02-01 11:31:40,152,86.0,Anonymous Broker,Anonymous Broker
2019-02-01 11:31:40,133,86.0,Anonymous Broker,Anonymous Broker
2019-02-01 11:31:40,282,86.0,Anonymous Broker,Anonymous Broker
2019-02-01 11:31:40,85,86.0,Anonymous Broker,Anonymous Broker
2019-02-01 11:31:40,113,86.0,Anonymous Broker,Anonymous Broker
2019-02-01 11:31:40,320,86.0,Anonymous Broker,Anonymous Broker
2019-02-01 11:31:40,2421,86.0,Anonymous Broker,Anonymous Broker
2019-02-01 11:31:40,193,86.0,Anonymous Broker,Anonymous Broker
2019-02-01 11:28:32,266,85.9,Anonymous Broker,Anonymous Broker
2019-02-01 11:28:32,641,85.9,Anonymous Broker,Anonymous Broker
2019-02-01 11:28:32,11,85.9,Anonymous Broker,Anonymous Broker
2019-02-01 11:24:15,160,85.9,Anonymous Broker,Anonymous Broker
2019-02-01 11:23:33,115,85.8,Anonymous Broker,Anonymous Broker
2019-02-01 11:22:31,37,85.8,Anonymous Broker,Anonymous Broker
2019-02-01 11:22:31,268,85.8,Anonymous Broker,Anonymous Broker
2019-02-01 11:22:31,42,85.8,Anonymous Broker,Anonymous Broker
2019-02-01 11:22:31,48,85.8,Anonymous Broker,Anonymous Broker
2019-02-01 11:22:31,246,85.8,Anonymous Broker,Anonymous Broker
2019-02-01 11:21:55,25,85.8,Anonymous Broker,Anonymous Broker
2019-02-01 11:20:09,221,85.7,Anonymous Broker,Anonymous Broker
2019-02-01 11:19:03,199,85.8,Anonymous Broker,Anonymous Broker
2019-02-01 11:16:22,132,85.8,Anonymous Broker,Anonymous Broker
2019-02-01 11:16:22,500,85.8,Anonymous Broker,Anonymous Broker
2019-02-01 11:16:22,10,85.8,Anonymous Broker,Anonymous Broker
2019-02-01 11:16:15,10,85.8,Anonymous Broker,Anonymous Broker
2019-02-01 11:16:08,9,85.8,Anonymous Broker,Anonymous Broker
2019-02-01 11:16:02,9,85.8,Anonymous Broker,Anonymous Broker
2019-02-01 11:15:56,45,85.8,Anonymous Broker,Anonymous Broker
2019-02-01 11:15:25,388,85.8,Anonymous Broker,Anonymous Broker
2019-02-01 11:15:25,20,85.8,Anonymous Broker,Anonymous Broker
2019-02-01 11:15:25,245,85.8,Anonymous Broker,Anonymous Broker
2019-02-01 11:14:54,300,85.9,Anonymous Broker,Anonymous Broker
2019-02-01 11:14:24,265,85.8,Anonymous Broker,Anonymous Broker
2019-02-01 11:14:24,524,85.8,Anonymous Broker,Anonymous Broker
2019-02-01 11:14:24,11,85.8,Anonymous Broker,Anonymous Broker
2019-02-01 11:14:12,500,85.9,Anonymous Broker,Anonymous Broker
2019-02-01 11:14:12,698,85.9,Anonymous Broker,Anonymous Broker
2019-02-01 11:13:08,603,85.9,Anonymous Broker,Anonymous Broker
2019-02-01 11:13:08,171,85.9,Anonymous Broker,Anonymous Broker
2019-02-01 11:13:08,184,85.9,Anonymous Broker,Anonymous Broker
2019-02-01 11:13:08,500,85.9,Anonymous Broker,Anonymous Broker
2019-02-01 11:13:08,145,85.9,Anonymous Broker,Anonymous Broker
2019-02-01 11:12:46,13,85.8,Anonymous Broker,Anonymous Broker
2019-02-01 11:12:40,13,85.8,Anonymous Broker,Anonymous Broker
2019-02-01 11:12:34,12,85.8,Anonymous Broker,Anonymous Broker
2019-02-01 11:12:28,13,85.8,Anonymous Broker,Anonymous Broker
2019-02-01 11:12:22,13,85.8,Anonymous Broker,Anonymous Broker
2019-02-01 11:12:16,13,85.8,Anonymous Broker,Anonymous Broker
2019-02-01 11:12:10,28,85.8,Anonymous Broker,Anonymous Broker
2019-02-01 11:11:58,275,85.8,Anonymous Broker,Anonymous Broker
2019-02-01 11:11:58,470,85.8,Anonymous Broker,Anonymous Broker
2019-02-01 11:11:58,195,85.8,Anonymous Broker,Anonymous Broker
2019-02-01 11:11:58,254,85.8,Anonymous Broker,Anonymous Broker
2019-02-01 11:11:58,500,85.8,Anonymous Broker,Anonymous Broker
2019-02-01 11:11:20,364,85.7,Anonymous Broker,Anonymous Broker
2019-02-01 11:11:13,7,85.7,Anonymous Broker,Anonymous Broker
2019-02-01 11:11:13,285,85.7,Anonymous Broker,Anonymous Broker
2019-02-01 11:11:13,336,85.7,Anonymous Broker,Anonymous Broker
2019-02-01 11:11:13,266,85.7,Anonymous Broker,Anonymous Broker
2019-02-01 11:10:23,101,85.7,Anonymous Broker,Anonymous Broker
2019-02-01 11:10:23,168,85.7,Anonymous Broker,Anonymous Broker
2019-02-01 11:10:23,8,85.7,Anonymous Broker,Anonymous Broker
2019-02-01 11:08:52,37,85.6,Anonymous Broker,Anonymous Broker
2019-02-01 11:08:52,42,85.6,Anonymous Broker,Anonymous Broker
2019-02-01 11:08:52,464,85.6,Anonymous Broker,Anonymous Broker
2019-02-01 11:08:52,60,85.6,Anonymous Broker,Anonymous Broker
2019-02-01 11:08:52,300,85.6,Anonymous Broker,Anonymous Broker
2019-02-01 11:07:02,75,85.6,Anonymous Broker,Anonymous Broker
2019-02-01 11:06:41,407,85.5,Anonymous Broker,Anonymous Broker
2019-02-01 11:06:41,266,85.5,Anonymous Broker,Anonymous Broker
2019-02-01 11:06:41,85,85.5,Anonymous Broker,Anonymous Broker
2019-02-01 11:06:41,242,85.6,Anonymous Broker,Anonymous Broker
2019-02-01 11:06:41,143,85.6,Anonymous Broker,Anonymous Broker
2019-02-01 11:06:41,315,85.6,Anonymous Broker,Anonymous Broker
2019-02-01 11:03:49,138,85.5,Anonymous Broker,Anonymous Broker
2019-02-01 11:03:48,349,85.6,Anonymous Broker,Anonymous Broker
2019-02-01 11:03:43,143,85.7,Anonymous Broker,Anonymous Broker
2019-02-01 11:03:43,521,85.7,Anonymous Broker,Anonymous Broker
2019-02-01 11:03:43,266,85.7,Anonymous Broker,Anonymous Broker
2019-02-01 11:03:25,17,85.8,Anonymous Broker,Anonymous Broker
2019-02-01 11:03:20,200,85.8,Anonymous Broker,Anonymous Broker
2019-02-01 11:01:49,266,85.7,Anonymous Broker,Anonymous Broker
2019-02-01 11:01:48,43,85.7,Anonymous Broker,Anonymous Broker
2019-02-01 11:01:48,367,85.7,Anonymous Broker,Anonymous Broker
2019-02-01 11:01:48,693,85.7,Anonymous Broker,Anonymous Broker
2019-02-01 10:58:03,50,85.9,Anonymous Broker,Anonymous Broker
2019-02-01 10:57:51,100,85.9,Anonymous Broker,Anonymous Broker
2019-02-01 10:56:37,200,85.9,Anonymous Broker,Anonymous Broker
2019-02-01 10:55:31,190,85.8,Anonymous Broker,Anonymous Broker
2019-02-01 10:55:31,506,85.8,Anonymous Broker,Anonymous Broker
2019-02-01 10:55:18,209,85.9,Anonymous Broker,Anonymous Broker
2019-02-01 10:55:18,17,85.9,Anonymous Broker,Anonymous Broker
2019-02-01 10:55:18,39,85.9,Anonymous Broker,Anonymous Broker
2019-02-01 10:55:18,20,85.9,Anonymous Broker,Anonymous Broker
2019-02-01 10:53:57,40,85.9,Anonymous Broker,Anonymous Broker
2019-02-01 10:53:07,318,85.8,Anonymous Broker,Anonymous Broker
2019-02-01 10:53:07,480,85.9,Anonymous Broker,Anonymous Broker
2019-02-01 10:53:07,58,86.0,Anonymous Broker,Anonymous Broker
2019-02-01 10:53:07,663,86.0,Anonymous Broker,Anonymous Broker
2019-02-01 10:53:07,236,86.0,Anonymous Broker,Anonymous Broker
2019-02-01 10:53:07,500,85.9,Anonymous Broker,Anonymous Broker
2019-02-01 10:53:07,106,85.9,Anonymous Broker,Anonymous Broker
2019-02-01 10:53:07,225,85.9,Anonymous Broker,Anonymous Broker
2019-02-01 10:53:07,678,85.9,Anonymous Broker,Anonymous Broker
2019-02-01 10:53:07,520,85.9,Anonymous Broker,Anonymous Broker
2019-02-01 10:53:07,1715,86.0,Anonymous Broker,Anonymous Broker
2019-02-01 10:53:07,413,86.0,Anonymous Broker,Anonymous Broker
2019-02-01 10:53:07,123,86.0,Anonymous Broker,Anonymous Broker
2019-02-01 10:53:07,999,86.0,Anonymous Broker,Anonymous Broker
2019-02-01 10:53:07,667,86.0,Anonymous Broker,Anonymous Broker
2019-02-01 10:53:07,334,86.0,Anonymous Broker,Anonymous Broker
2019-02-01 10:53:07,491,86.0,Anonymous Broker,Anonymous Broker
2019-02-01 10:53:07,41,86.0,Anonymous Broker,Anonymous Broker
2019-02-01 10:53:07,295,86.0,Anonymous Broker,Anonymous Broker
2019-02-01 10:53:07,200,86.0,Anonymous Broker,Anonymous Broker
2019-02-01 10:53:07,2004,86.0,Anonymous Broker,Anonymous Broker
2019-02-01 10:53:07,50,86.0,Anonymous Broker,Anonymous Broker
2019-02-01 10:51:20,80,85.9,Anonymous Broker,Anonymous Broker
2019-02-01 10:51:20,184,85.9,Anonymous Broker,Anonymous Broker
2019-02-01 10:51:20,500,85.9,Anonymous Broker,Anonymous Broker
2019-02-01 10:49:40,471,85.8,Anonymous Broker,Anonymous Broker
2019-02-01 10:49:40,10,85.8,Anonymous Broker,Anonymous Broker
2019-02-01 10:49:40,471,85.8,Anonymous Broker,Anonymous Broker
2019-02-01 10:49:33,500,85.8,Anonymous Broker,Anonymous Broker
2019-02-01 10:49:29,55,85.9,Anonymous Broker,Anonymous Broker
2019-02-01 10:49:29,20,85.8,Anonymous Broker,Anonymous Broker
2019-02-01 10:48:14,220,85.6,Anonymous Broker,Anonymous Broker
2019-02-01 10:48:14,779,85.6,Anonymous Broker,Anonymous Broker
2019-02-01 10:48:13,1060,85.5,Anonymous Broker,Anonymous Broker
2019-02-01 10:48:13,333,85.5,Anonymous Broker,Anonymous Broker
2019-02-01 10:48:13,527,85.5,Anonymous Broker,Anonymous Broker
2019-02-01 10:48:13,1,85.5,Anonymous Broker,Anonymous Broker
2019-02-01 10:46:06,80,85.5,Anonymous Broker,Anonymous Broker
2019-02-01 10:44:39,480,85.4,Anonymous Broker,Anonymous Broker
2019-02-01 10:44:39,115,85.4,Anonymous Broker,Anonymous Broker
2019-02-01 10:44:39,386,85.4,Anonymous Broker,Anonymous Broker
2019-02-01 10:44:25,35,85.4,Anonymous Broker,Anonymous Broker
2019-02-01 10:44:25,40,85.4,Anonymous Broker,Anonymous Broker
2019-02-01 10:41:47,23,85.4,Anonymous Broker,Anonymous Broker
2019-02-01 10:41:13,1000,85.3,Anonymous Broker,Anonymous Broker
2019-02-01 10:37:44,257,85.3,Anonymous Broker,Anonymous Broker
2019-02-01 10:37:44,450,85.4,Anonymous Broker,Anonymous Broker
2019-02-01 10:36:41,184,85.3,Anonymous Broker,Anonymous Broker
2019-02-01 10:36:03,297,85.3,Anonymous Broker,Anonymous Broker
2019-02-01 10:36:01,259,85.3,Anonymous Broker,Anonymous Broker
2019-02-01 10:36:01,444,85.3,Anonymous Broker,Anonymous Broker
2019-02-01 10:36:01,500,85.3,Anonymous Broker,Anonymous Broker
2019-02-01 10:34:57,345,85.4,Anonymous Broker,Anonymous Broker
2019-02-01 10:34:57,355,85.4,Anonymous Broker,Anonymous Broker
2019-02-01 10:33:04,30,85.4,Anonymous Broker,Anonymous Broker
2019-02-01 10:32:09,700,85.3,Anonymous Broker,Anonymous Broker
2019-02-01 10:32:09,100,85.3,Anonymous Broker,Anonymous Broker
2019-02-01 10:31:38,11,85.2,Anonymous Broker,Anonymous Broker
2019-02-01 10:31:27,710,85.3,Anonymous Broker,Anonymous Broker
2019-02-01 10:31:27,238,85.3,Anonymous Broker,Anonymous Broker
2019-02-01 10:31:27,302,85.3,Anonymous Broker,Anonymous Broker
2019-02-01 10:31:21,80,85.4,Anonymous Broker,Anonymous Broker
2019-02-01 10:31:21,272,85.4,Anonymous Broker,Anonymous Broker
2019-02-01 10:31:21,47,85.4,Anonymous Broker,Anonymous Broker
2019-02-01 10:31:21,395,85.4,Anonymous Broker,Anonymous Broker
2019-02-01 10:31:21,338,85.4,Anonymous Broker,Anonymous Broker
2019-02-01 10:31:21,500,85.4,Anonymous Broker,Anonymous Broker
2019-02-01 10:31:21,267,85.4,Anonymous Broker,Anonymous Broker
2019-02-01 10:31:21,1,85.5,Anonymous Broker,Anonymous Broker
2019-02-01 10:31:21,2,85.5,Anonymous Broker,Anonymous Broker
2019-02-01 10:31:21,4,85.5,Anonymous Broker,Anonymous Broker
2019-02-01 10:31:21,9,85.5,Anonymous Broker,Anonymous Broker
2019-02-01 10:31:21,19,85.5,Anonymous Broker,Anonymous Broker
2019-02-01 10:31:21,40,85.5,Anonymous Broker,Anonymous Broker
2019-02-01 10:31:21,330,85.5,Anonymous Broker,Anonymous Broker
2019-02-01 10:31:21,14,85.5,Anonymous Broker,Anonymous Broker
2019-02-01 10:27:14,406,85.5,Anonymous Broker,Anonymous Broker
2019-02-01 10:27:14,103,85.5,Anonymous Broker,Anonymous Broker
2019-02-01 10:27:14,333,85.5,Anonymous Broker,Anonymous Broker
2019-02-01 10:27:14,115,85.5,Anonymous Broker,Anonymous Broker
2019-02-01 10:27:14,436,85.5,Anonymous Broker,Anonymous Broker
2019-02-01 10:27:08,20,85.5,Anonymous Broker,Anonymous Broker
2019-02-01 10:27:08,18,85.6,Anonymous Broker,Anonymous Broker
2019-02-01 10:27:08,290,85.6,Anonymous Broker,Anonymous Broker
2019-02-01 10:27:08,290,85.6,Anonymous Broker,Anonymous Broker
2019-02-01 10:27:08,250,85.6,Anonymous Broker,Anonymous Broker
2019-02-01 10:27:08,42,85.5,Anonymous Broker,Anonymous Broker
2019-02-01 10:21:32,500,85.5,Anonymous Broker,Anonymous Broker
2019-02-01 10:20:48,25,85.7,Anonymous Broker,Anonymous Broker
2019-02-01 10:20:43,25,85.7,Anonymous Broker,Anonymous Broker
2019-02-01 10:20:43,315,85.7,Anonymous Broker,Anonymous Broker
2019-02-01 10:20:43,15,85.7,Anonymous Broker,Anonymous Broker
2019-02-01 10:19:53,200,85.8,Anonymous Broker,Anonymous Broker
2019-02-01 10:19:42,50,85.9,Anonymous Broker,Anonymous Broker
2019-02-01 10:19:34,385,85.8,Anonymous Broker,Anonymous Broker
2019-02-01 10:19:29,650,85.9,Anonymous Broker,Anonymous Broker
2019-02-01 10:19:29,80,85.9,Anonymous Broker,Anonymous Broker
2019-02-01 10:19:29,120,85.9,Anonymous Broker,Anonymous Broker
2019-02-01 10:18:42,343,85.9,Anonymous Broker,Anonymous Broker
2019-02-01 10:17:53,115,85.8,Anonymous Broker,Anonymous Broker
2019-02-01 10:16:52,342,85.7,Anonymous Broker,Anonymous Broker
2019-02-01 10:16:52,21,85.7,Anonymous Broker,Anonymous Broker
2019-02-01 10:16:52,158,85.7,Anonymous Broker,Anonymous Broker
2019-02-01 10:16:52,200,85.7,Anonymous Broker,Anonymous Broker
2019-02-01 10:15:45,500,85.6,Anonymous Broker,Anonymous Broker
2019-02-01 10:15:40,27,85.6,Anonymous Broker,Anonymous Broker
2019-02-01 10:15:15,15,85.6,Anonymous Broker,Anonymous Broker
2019-02-01 10:15:09,15,85.6,Anonymous Broker,Anonymous Broker
2019-02-01 10:15:03,48,85.6,Anonymous Broker,Anonymous Broker
2019-02-01 10:15:00,25,85.8,Anonymous Broker,Anonymous Broker
2019-02-01 10:14:58,330,85.7,Anonymous Broker,Anonymous Broker
2019-02-01 10:14:58,666,85.8,Anonymous Broker,Anonymous Broker
2019-02-01 10:14:58,339,85.8,Anonymous Broker,Anonymous Broker
2019-02-01 10:14:58,350,85.8,Anonymous Broker,Anonymous Broker
2019-02-01 10:14:58,710,85.8,Anonymous Broker,Anonymous Broker
2019-02-01 10:14:58,1756,85.8,Anonymous Broker,Anonymous Broker
2019-02-01 10:14:58,15,85.8,Anonymous Broker,Anonymous Broker
2019-02-01 10:14:58,652,85.8,Anonymous Broker,Anonymous Broker
2019-02-01 10:14:06,500,85.9,Anonymous Broker,Anonymous Broker
2019-02-01 10:13:54,8,85.8,Anonymous Broker,Anonymous Broker
2019-02-01 10:13:54,10,85.8,Anonymous Broker,Anonymous Broker
2019-02-01 10:13:54,20,85.8,Anonymous Broker,Anonymous Broker
2019-02-01 10:13:54,560,86.0,Anonymous Broker,Anonymous Broker
2019-02-01 10:13:54,500,86.0,Anonymous Broker,Anonymous Broker
2019-02-01 10:13:54,63,85.9,Anonymous Broker,Anonymous Broker
2019-02-01 10:13:54,370,85.9,Anonymous Broker,Anonymous Broker
2019-02-01 10:13:54,42,85.8,Anonymous Broker,Anonymous Broker
2019-02-01 10:13:54,465,85.8,Anonymous Broker,Anonymous Broker
2019-02-01 10:08:16,101,85.6,Anonymous Broker,Anonymous Broker
2019-02-01 10:08:16,1041,85.6,Anonymous Broker,Anonymous Broker
2019-02-01 10:08:16,1222,85.5,Anonymous Broker,Anonymous Broker
2019-02-01 10:08:16,290,85.5,Anonymous Broker,Anonymous Broker
2019-02-01 10:08:16,1665,85.5,Anonymous Broker,Anonymous Broker
2019-02-01 10:08:16,85,85.5,Anonymous Broker,Anonymous Broker
2019-02-01 10:06:51,250,85.5,Anonymous Broker,Anonymous Broker
2019-02-01 10:06:40,200,85.4,Anonymous Broker,Anonymous Broker
2019-02-01 10:06:32,18,85.3,Anonymous Broker,Anonymous Broker
2019-02-01 10:06:26,15,85.3,Anonymous Broker,Anonymous Broker
2019-02-01 10:06:21,448,85.3,Anonymous Broker,Anonymous Broker
2019-02-01 10:06:21,620,85.3,Anonymous Broker,Anonymous Broker
2019-02-01 10:06:21,45,85.3,Anonymous Broker,Anonymous Broker
2019-02-01 10:06:21,448,85.3,Anonymous Broker,Anonymous Broker
2019-02-01 10:05:47,136,85.4,Anonymous Broker,Anonymous Broker
2019-02-01 10:05:47,394,85.4,Anonymous Broker,Anonymous Broker
2019-02-01 10:05:47,106,85.4,Anonymous Broker,Anonymous Broker
2019-02-01 10:05:44,17,85.4,Anonymous Broker,Anonymous Broker
2019-02-01 10:05:44,8,85.4,Anonymous Broker,Anonymous Broker
2019-02-01 10:05:44,19,85.4,Anonymous Broker,Anonymous Broker
2019-02-01 10:04:29,23,85.4,Anonymous Broker,Anonymous Broker
2019-02-01 10:04:29,41,85.4,Anonymous Broker,Anonymous Broker
2019-02-01 10:04:29,7,85.4,Anonymous Broker,Anonymous Broker
2019-02-01 10:04:29,80,85.4,Anonymous Broker,Anonymous Broker
2019-02-01 10:03:18,1,85.3,Anonymous Broker,Anonymous Broker
2019-02-01 10:01:32,343,85.3,Anonymous Broker,Anonymous Broker
2019-02-01 10:01:32,103,85.3,Anonymous Broker,Anonymous Broker
2019-02-01 10:01:32,30,85.3,Anonymous Broker,Anonymous Broker
2019-02-01 09:59:46,35,85.0,Anonymous Broker,Anonymous Broker
2019-02-01 09:59:46,100,85.1,Anonymous Broker,Anonymous Broker
2019-02-01 09:59:46,39,85.0,Anonymous Broker,Anonymous Broker
2019-02-01 09:59:46,125,85.0,Anonymous Broker,Anonymous Broker
2019-02-01 09:58:38,1,85.0,Anonymous Broker,Anonymous Broker
2019-02-01 09:58:38,1,85.0,Anonymous Broker,Anonymous Broker
2019-02-01 09:58:38,2,85.0,Anonymous Broker,Anonymous Broker
2019-02-01 09:58:38,2,85.0,Anonymous Broker,Anonymous Broker
2019-02-01 09:58:38,711,85.0,Anonymous Broker,Anonymous Broker
2019-02-01 09:58:38,77,85.0,Anonymous Broker,Anonymous Broker
2019-02-01 09:58:38,500,85.0,Anonymous Broker,Anonymous Broker
2019-02-01 09:58:38,29,85.0,Anonymous Broker,Anonymous Broker
2019-02-01 09:58:38,176,85.0,Anonymous Broker,Anonymous Broker
2019-02-01 09:57:01,150,85.1,Anonymous Broker,Anonymous Broker
2019-02-01 09:57:01,219,85.2,Anonymous Broker,Anonymous Broker
2019-02-01 09:57:01,487,85.2,Anonymous Broker,Anonymous Broker
2019-02-01 09:57:01,281,85.2,Anonymous Broker,Anonymous Broker
2019-02-01 09:57:01,49,85.2,Anonymous Broker,Anonymous Broker
2019-02-01 09:57:01,500,85.2,Anonymous Broker,Anonymous Broker
2019-02-01 09:57:00,330,85.3,Anonymous Broker,Anonymous Broker
2019-02-01 09:57:00,500,85.3,Anonymous Broker,Anonymous Broker
2019-02-01 09:57:00,667,85.3,Anonymous Broker,Anonymous Broker
2019-02-01 09:56:57,15,85.3,Anonymous Broker,Anonymous Broker
2019-02-01 09:56:03,5,85.4,Anonymous Broker,Anonymous Broker
2019-02-01 09:56:03,5,85.4,Anonymous Broker,Anonymous Broker
2019-02-01 09:56:03,139,85.4,Anonymous Broker,Anonymous Broker
2019-02-01 09:56:03,9,85.4,Anonymous Broker,Anonymous Broker
2019-02-01 09:56:03,10,85.4,Anonymous Broker,Anonymous Broker
2019-02-01 09:56:03,150,85.4,Anonymous Broker,Anonymous Broker
2019-02-01 09:55:19,66,85.3,Anonymous Broker,Anonymous Broker
2019-02-01 09:54:58,19,85.3,Anonymous Broker,Anonymous Broker
2019-02-01 09:54:52,19,85.3,Anonymous Broker,Anonymous Broker
2019-02-01 09:54:46,19,85.3,Anonymous Broker,Anonymous Broker
2019-02-01 09:54:40,19,85.3,Anonymous Broker,Anonymous Broker
2019-02-01 09:54:34,18,85.3,Anonymous Broker,Anonymous Broker
2019-02-01 09:54:28,56,85.3,Anonymous Broker,Anonymous Broker
2019-02-01 09:54:03,157,85.5,Anonymous Broker,Anonymous Broker
2019-02-01 09:54:03,464,85.5,Anonymous Broker,Anonymous Broker
2019-02-01 09:54:03,174,85.6,Anonymous Broker,Anonymous Broker
2019-02-01 09:54:03,500,85.6,Anonymous Broker,Anonymous Broker
2019-02-01 09:54:02,500,85.7,Anonymous Broker,Anonymous Broker
2019-02-01 09:54:02,500,85.7,Anonymous Broker,Anonymous Broker
2019-02-01 09:54:02,348,85.7,Anonymous Broker,Anonymous Broker
2019-02-01 09:54:02,171,85.7,Anonymous Broker,Anonymous Broker
2019-02-01 09:54:02,329,85.7,Anonymous Broker,Anonymous Broker
2019-02-01 09:54:02,19,85.7,Anonymous Broker,Anonymous Broker
2019-02-01 09:54:02,329,85.7,Anonymous Broker,Anonymous Broker
2019-02-01 09:54:02,171,85.7,Anonymous Broker,Anonymous Broker
2019-02-01 09:54:02,500,85.7,Anonymous Broker,Anonymous Broker
2019-02-01 09:54:02,19,85.7,Anonymous Broker,Anonymous Broker
2019-02-01 09:54:02,20,85.7,Anonymous Broker,Anonymous Broker
2019-02-01 09:54:02,19,85.7,Anonymous Broker,Anonymous Broker
2019-02-01 09:53:46,55,85.8,Anonymous Broker,Anonymous Broker
2019-02-01 09:52:07,450,85.7,Anonymous Broker,Anonymous Broker
2019-02-01 09:52:07,160,85.7,Anonymous Broker,Anonymous Broker
2019-02-01 09:51:41,57,85.9,Anonymous Broker,Anonymous Broker
2019-02-01 09:51:41,43,85.8,Anonymous Broker,Anonymous Broker
2019-02-01 09:51:41,40,85.8,Anonymous Broker,Anonymous Broker
2019-02-01 09:48:30,302,86.0,Anonymous Broker,Anonymous Broker
2019-02-01 09:48:30,58,86.1,Anonymous Broker,Anonymous Broker
2019-02-01 09:48:30,476,86.1,Anonymous Broker,Anonymous Broker
2019-02-01 09:48:30,617,86.1,Anonymous Broker,Anonymous Broker
2019-02-01 09:48:30,24,86.1,Anonymous Broker,Anonymous Broker
2019-02-01 09:48:00,175,86.2,Anonymous Broker,Anonymous Broker
2019-02-01 09:47:56,345,86.2,Anonymous Broker,Anonymous Broker
2019-02-01 09:47:56,500,86.3,Anonymous Broker,Anonymous Broker
2019-02-01 09:44:16,47,86.3,Anonymous Broker,Anonymous Broker
2019-02-01 09:44:16,373,86.3,Anonymous Broker,Anonymous Broker
2019-02-01 09:44:16,85,86.3,Anonymous Broker,Anonymous Broker
2019-02-01 09:44:12,751,86.5,Anonymous Broker,Anonymous Broker
2019-02-01 09:44:12,37,86.5,Anonymous Broker,Anonymous Broker
2019-02-01 09:44:12,659,86.5,Anonymous Broker,Anonymous Broker
2019-02-01 09:44:12,179,86.5,Anonymous Broker,Anonymous Broker
2019-02-01 09:44:12,389,86.5,Anonymous Broker,Anonymous Broker
2019-02-01 09:44:12,200,86.5,Anonymous Broker,Anonymous Broker
2019-02-01 09:42:57,42,86.6,Anonymous Broker,Anonymous Broker
2019-02-01 09:42:55,50,86.6,Anonymous Broker,Anonymous Broker
2019-02-01 09:38:39,722,86.7,Anonymous Broker,Anonymous Broker
2019-02-01 09:38:39,1757,86.7,Anonymous Broker,Anonymous Broker
2019-02-01 09:38:39,509,86.7,Anonymous Broker,Anonymous Broker
2019-02-01 09:38:39,493,86.7,Anonymous Broker,Anonymous Broker
2019-02-01 09:38:12,205,86.9,Anonymous Broker,Anonymous Broker
2019-02-01 09:38:11,300,86.8,Anonymous Broker,Anonymous Broker
2019-02-01 09:38:11,700,86.8,Anonymous Broker,Anonymous Broker
2019-02-01 09:37:42,7,86.7,Anonymous Broker,Anonymous Broker
2019-02-01 09:37:12,18,86.8,Anonymous Broker,Anonymous Broker
2019-02-01 09:37:11,90,86.8,Anonymous Broker,Anonymous Broker
2019-02-01 09:33:29,40,86.7,Anonymous Broker,Anonymous Broker
2019-02-01 09:33:27,7,86.7,Anonymous Broker,Anonymous Broker
2019-02-01 09:33:27,62,86.7,Anonymous Broker,Anonymous Broker
2019-02-01 09:33:26,100,86.6,Anonymous Broker,Anonymous Broker
2019-02-01 09:33:26,500,86.6,Anonymous Broker,Anonymous Broker
2019-02-01 09:33:01,36,86.4,Anonymous Broker,Anonymous Broker
2019-02-01 09:33:01,236,86.5,Anonymous Broker,Anonymous Broker
2019-02-01 09:33:01,40,86.4,Anonymous Broker,Anonymous Broker
2019-02-01 09:33:01,124,86.4,Anonymous Broker,Anonymous Broker
2019-02-01 09:30:00,500,86.2,Anonymous Broker,Anonymous Broker
2019-02-01 09:28:34,100,86.4,Anonymous Broker,Anonymous Broker
2019-02-01 09:28:29,147,86.3,Anonymous Broker,Anonymous Broker
2019-02-01 09:28:29,120,86.4,Anonymous Broker,Anonymous Broker
2019-02-01 09:28:29,503,86.4,Anonymous Broker,Anonymous Broker
2019-02-01 09:28:29,707,86.4,Anonymous Broker,Anonymous Broker
2019-02-01 09:28:29,76,86.4,Anonymous Broker,Anonymous Broker
2019-02-01 09:28:29,677,86.4,Anonymous Broker,Anonymous Broker
2019-02-01 09:26:35,150,86.6,Anonymous Broker,Anonymous Broker
2019-02-01 09:26:35,420,86.6,Anonymous Broker,Anonymous Broker
2019-02-01 09:26:35,500,86.6,Anonymous Broker,Anonymous Broker
2019-02-01 09:26:35,109,86.8,Anonymous Broker,Anonymous Broker
2019-02-01 09:26:35,352,86.8,Anonymous Broker,Anonymous Broker
2019-02-01 09:26:35,500,86.8,Anonymous Broker,Anonymous Broker
2019-02-01 09:26:35,364,86.8,Anonymous Broker,Anonymous Broker
2019-02-01 09:26:35,500,86.7,Anonymous Broker,Anonymous Broker
2019-02-01 09:26:35,2000,86.5,Anonymous Broker,Anonymous Broker
2019-02-01 09:26:35,175,86.5,Anonymous Broker,Anonymous Broker
2019-02-01 09:25:50,892,86.4,Anonymous Broker,Anonymous Broker
2019-02-01 09:25:50,80,86.4,Anonymous Broker,Anonymous Broker
2019-02-01 09:25:50,403,86.4,Anonymous Broker,Anonymous Broker
2019-02-01 09:25:48,39,86.3,Anonymous Broker,Anonymous Broker
2019-02-01 09:25:48,98,86.3,Anonymous Broker,Anonymous Broker
2019-02-01 09:25:48,353,86.3,Anonymous Broker,Anonymous Broker
2019-02-01 09:25:48,500,86.3,Anonymous Broker,Anonymous Broker
2019-02-01 09:24:52,500,86.1,Anonymous Broker,Anonymous Broker
2019-02-01 09:24:43,500,86.1,Anonymous Broker,Anonymous Broker
2019-02-01 09:24:41,800,86.0,Anonymous Broker,Anonymous Broker
2019-02-01 09:24:41,443,86.0,Anonymous Broker,Anonymous Broker
2019-02-01 09:24:41,3201,86.0,Anonymous Broker,Anonymous Broker
2019-02-01 09:24:41,1356,86.0,Anonymous Broker,Anonymous Broker
2019-02-01 09:24:41,330,86.0,Anonymous Broker,Anonymous Broker
2019-02-01 09:24:39,3,85.9,Anonymous Broker,Anonymous Broker
2019-02-01 09:24:39,144,85.9,Anonymous Broker,Anonymous Broker
2019-02-01 09:24:37,1612,85.8,Anonymous Broker,Anonymous Broker
2019-02-01 09:24:37,388,85.8,Anonymous Broker,Anonymous Broker
2019-02-01 09:24:36,213,85.7,Anonymous Broker,Anonymous Broker
2019-02-01 09:24:36,1,85.6,Anonymous Broker,Anonymous Broker
2019-02-01 09:24:36,2,85.6,Anonymous Broker,Anonymous Broker
2019-02-01 09:24:36,306,85.6,Anonymous Broker,Anonymous Broker
2019-02-01 09:24:36,142,85.6,Anonymous Broker,Anonymous Broker
2019-02-01 09:24:36,500,85.6,Anonymous Broker,Anonymous Broker
2019-02-01 09:24:36,102,85.6,Anonymous Broker,Anonymous Broker
2019-02-01 09:24:36,280,85.6,Anonymous Broker,Anonymous Broker
2019-02-01 09:24:36,117,85.6,Anonymous Broker,Anonymous Broker
2019-02-01 09:23:28,4,85.7,Anonymous Broker,Anonymous Broker
2019-02-01 09:23:28,9,85.7,Anonymous Broker,Anonymous Broker
2019-02-01 09:23:28,19,85.7,Anonymous Broker,Anonymous Broker
2019-02-01 09:23:28,40,85.7,Anonymous Broker,Anonymous Broker
2019-02-01 09:23:28,415,85.7,Anonymous Broker,Anonymous Broker
2019-02-01 09:23:28,85,85.7,Anonymous Broker,Anonymous Broker
2019-02-01 09:23:07,451,85.6,Anonymous Broker,Anonymous Broker
2019-02-01 09:23:07,525,85.8,Anonymous Broker,Anonymous Broker
2019-02-01 09:23:07,615,85.8,Anonymous Broker,Anonymous Broker
2019-02-01 09:23:07,688,85.8,Anonymous Broker,Anonymous Broker
2019-02-01 09:23:07,740,85.8,Anonymous Broker,Anonymous Broker
2019-02-01 09:23:07,26,85.8,Anonymous Broker,Anonymous Broker
2019-02-01 09:23:07,194,85.8,Anonymous Broker,Anonymous Broker
2019-02-01 09:23:07,626,85.8,Anonymous Broker,Anonymous Broker
2019-02-01 09:23:07,653,85.8,Anonymous Broker,Anonymous Broker
2019-02-01 09:23:07,164,85.8,Anonymous Broker,Anonymous Broker
2019-02-01 09:23:07,446,85.8,Anonymous Broker,Anonymous Broker
2019-02-01 09:21:00,23,86.0,Anonymous Broker,Anonymous Broker
2019-02-01 09:19:16,70,86.0,Anonymous Broker,Anonymous Broker
2019-02-01 09:19:16,30,86.0,Anonymous Broker,Anonymous Broker
2019-02-01 09:19:00,300,85.9,Anonymous Broker,Anonymous Broker
2019-02-01 09:18:56,249,85.9,Anonymous Broker,Anonymous Broker
2019-02-01 09:18:56,1,85.9,Anonymous Broker,Anonymous Broker
2019-02-01 09:18:22,16,85.9,Anonymous Broker,Anonymous Broker
2019-02-01 09:18:22,484,85.9,Anonymous Broker,Anonymous Broker
2019-02-01 09:18:22,2,85.9,Anonymous Broker,Anonymous Broker
2019-02-01 09:18:22,292,86.1,Anonymous Broker,Anonymous Broker
2019-02-01 09:18:22,102,86.1,Anonymous Broker,Anonymous Broker
2019-02-01 09:18:22,1000,86.1,Anonymous Broker,Anonymous Broker
2019-02-01 09:18:22,5,85.9,Anonymous Broker,Anonymous Broker
2019-02-01 09:18:22,9,85.9,Anonymous Broker,Anonymous Broker
2019-02-01 09:18:22,394,86.0,Anonymous Broker,Anonymous Broker
2019-02-01 09:18:22,600,86.0,Anonymous Broker,Anonymous Broker
2019-02-01 09:18:22,254,86.0,Anonymous Broker,Anonymous Broker
2019-02-01 09:18:22,38,86.0,Anonymous Broker,Anonymous Broker
2019-02-01 09:18:22,300,86.0,Anonymous Broker,Anonymous Broker
2019-02-01 09:18:22,32,86.0,Anonymous Broker,Anonymous Broker
2019-02-01 09:18:22,18,85.9,Anonymous Broker,Anonymous Broker
2019-02-01 09:18:02,1,85.9,Anonymous Broker,Anonymous Broker
2019-02-01 09:18:00,40,85.9,Anonymous Broker,Anonymous Broker
2019-02-01 09:16:46,210,85.9,Anonymous Broker,Anonymous Broker
2019-02-01 09:16:44,296,85.7,Anonymous Broker,Anonymous Broker
2019-02-01 09:16:44,187,85.7,Anonymous Broker,Anonymous Broker
2019-02-01 09:16:44,217,85.7,Anonymous Broker,Anonymous Broker
2019-02-01 09:16:44,1041,85.7,Anonymous Broker,Anonymous Broker
2019-02-01 09:16:44,651,85.7,Anonymous Broker,Anonymous Broker
2019-02-01 09:16:07,462,85.7,Anonymous Broker,Anonymous Broker
2019-02-01 09:16:07,500,85.7,Anonymous Broker,Anonymous Broker
2019-02-01 09:16:07,480,85.7,Anonymous Broker,Anonymous Broker
2019-02-01 09:16:06,306,85.9,Anonymous Broker,Anonymous Broker
2019-02-01 09:16:06,500,85.8,Anonymous Broker,Anonymous Broker
2019-02-01 09:15:57,181,85.6,Anonymous Broker,Anonymous Broker
2019-02-01 09:15:51,4,85.7,Anonymous Broker,Anonymous Broker
2019-02-01 09:15:51,500,85.6,Anonymous Broker,Anonymous Broker
2019-02-01 09:15:48,267,85.3,Anonymous Broker,Anonymous Broker
2019-02-01 09:15:48,393,85.3,Anonymous Broker,Anonymous Broker
2019-02-01 09:15:46,250,85.3,Anonymous Broker,Anonymous Broker
2019-02-01 09:15:46,250,85.3,Anonymous Broker,Anonymous Broker
2019-02-01 09:15:43,393,85.3,Anonymous Broker,Anonymous Broker
2019-02-01 09:15:43,1200,85.3,Anonymous Broker,Anonymous Broker
2019-02-01 09:15:42,322,85.0,Anonymous Broker,Anonymous Broker
2019-02-01 09:15:42,478,85.0,Anonymous Broker,Anonymous Broker
2019-02-01 09:15:42,51,85.0,Anonymous Broker,Anonymous Broker
2019-02-01 09:15:42,149,85.0,Anonymous Broker,Anonymous Broker
2019-02-01 09:15:42,300,85.0,Anonymous Broker,Anonymous Broker
2019-02-01 09:15:42,1300,85.0,Anonymous Broker,Anonymous Broker
2019-02-01 09:15:42,4363,84.9,Anonymous Broker,Anonymous Broker
2019-02-01 09:15:42,1749,84.9,Anonymous Broker,Anonymous Broker
2019-02-01 09:14:16,320,84.8,Anonymous Broker,Anonymous Broker
2019-02-01 09:14:06,390,84.8,Anonymous Broker,Anonymous Broker
2019-02-01 09:14:04,280,84.7,Anonymous Broker,Anonymous Broker
2019-02-01 09:14:04,100,84.7,Anonymous Broker,Anonymous Broker
2019-02-01 09:14:04,1400,84.7,Anonymous Broker,Anonymous Broker
2019-02-01 09:12:31,168,84.6,Anonymous Broker,Anonymous Broker
2019-02-01 09:12:31,581,84.5,Anonymous Broker,Anonymous Broker
2019-02-01 09:12:31,120,84.5,Anonymous Broker,Anonymous Broker
2019-02-01 09:12:31,11,84.5,Anonymous Broker,Anonymous Broker
2019-02-01 09:12:29,18,84.4,Anonymous Broker,Anonymous Broker
2019-02-01 09:12:29,20,84.4,Anonymous Broker,Anonymous Broker
2019-02-01 09:12:20,42,84.4,Anonymous Broker,Anonymous Broker
2019-02-01 09:09:18,47,84.4,Anonymous Broker,Anonymous Broker
2019-02-01 09:07:45,3,84.3,Anonymous Broker,Anonymous Broker
2019-02-01 09:07:45,5,84.3,Anonymous Broker,Anonymous Broker
2019-02-01 09:07:45,9,84.3,Anonymous Broker,Anonymous Broker
2019-02-01 09:07:45,17,84.3,Anonymous Broker,Anonymous Broker
2019-02-01 09:07:45,300,84.3,Anonymous Broker,Anonymous Broker
2019-02-01 09:07:45,19,84.3,Anonymous Broker,Anonymous Broker
2019-02-01 09:07:45,19,84.3,Anonymous Broker,Anonymous Broker
2019-02-01 09:06:37,16,84.3,Anonymous Broker,Anonymous Broker
2019-02-01 09:06:37,25,84.3,Anonymous Broker,Anonymous Broker
2019-02-01 09:06:37,40,84.3,Anonymous Broker,Anonymous Broker
2019-02-01 09:06:02,6,84.2,Anonymous Broker,Anonymous Broker
2019-02-01 09:06:00,21,84.2,Anonymous Broker,Anonymous Broker
2019-02-01 09:04:05,620,84.3,Anonymous Broker,Anonymous Broker
2019-02-01 09:04:05,722,84.5,Anonymous Broker,Anonymous Broker
2019-02-01 09:04:05,29,84.6,Anonymous Broker,Anonymous Broker
2019-02-01 09:04:05,50,84.6,Anonymous Broker,Anonymous Broker
2019-02-01 09:04:05,21,84.6,Anonymous Broker,Anonymous Broker
2019-02-01 09:00:36,100,84.9,Anonymous Broker,Anonymous Broker
2019-02-01 09:00:33,471,84.7,Anonymous Broker,Anonymous Broker
2019-02-01 09:00:33,29,84.7,Anonymous Broker,Anonymous Broker
2019-02-01 09:00:33,146,84.5,Anonymous Broker,Anonymous Broker
2019-02-01 09:00:14,76,84.2,Anonymous Broker,Anonymous Broker
2019-02-01 09:00:14,300,84.2,Anonymous Broker,Anonymous Broker
2019-02-01 09:00:14,6,84.1,Anonymous Broker,Anonymous Broker
2019-02-01 09:00:14,75,84.1,Anonymous Broker,Anonymous Broker
2019-02-01 09:00:14,18,84.1,Anonymous Broker,Anonymous Broker
2019-02-01 09:00:14,46,84.1,Anonymous Broker,Anonymous Broker
2019-02-01 09:00:14,194,84.1,Anonymous Broker,Anonymous Broker
2019-02-01 09:00:14,155,84.1,Anonymous Broker,Anonymous Broker
2019-02-01 09:00:14,385,84.1,Anonymous Broker,Anonymous Broker
2019-02-01 09:00:14,1776,84.1,Anonymous Broker,Anonymous Broker
2019-02-01 09:00:14,14,84.1,Anonymous Broker,Anonymous Broker
2019-02-01 09:00:14,76,84.1,Anonymous Broker,Anonymous Broker
2019-02-01 09:00:14,11,84.1,Anonymous Broker,Anonymous Broker
2019-02-01 09:00:14,376,84.1,Anonymous Broker,Anonymous Broker
2019-02-01 09:00:14,416,84.1,Anonymous Broker,Anonymous Broker
2019-02-01 09:00:14,181,84.1,Anonymous Broker,Anonymous Broker
2019-02-01 09:00:14,5,84.1,Anonymous Broker,Anonymous Broker
2019-02-01 09:00:14,715,84.1,Anonymous Broker,Anonymous Broker
2019-02-01 09:00:14,382,84.1,Anonymous Broker,Anonymous Broker
2019-02-01 09:00:14,27,84.1,Anonymous Broker,Anonymous Broker
2019-02-01 09:00:14,4,84.1,Anonymous Broker,Anonymous Broker
2019-02-01 09:00:14,80,84.1,Anonymous Broker,Anonymous Broker
2019-02-01 09:00:14,31,84.1,Anonymous Broker,Anonymous Broker
2019-02-01 09:00:14,74,84.1,Anonymous Broker,Anonymous Broker
2019-02-01 09:00:14,164,84.1,Anonymous Broker,Anonymous Broker
2019-02-01 09:00:14,10,84.1,Anonymous Broker,Anonymous Broker
2019-02-01 09:00:14,3,84.1,Anonymous Broker,Anonymous Broker
2019-02-01 09:00:14,3,84.1,Anonymous Broker,Anonymous Broker
2019-02-01 09:00:14,5,84.1,Anonymous Broker,Anonymous Broker
2019-02-01 09:00:14,7,84.1,Anonymous Broker,Anonymous Broker
