time,volume,price,buyer,seller
2019-02-01 16:59:44,18791,2.745,UBS Limited,Nordnet Bank AB
2019-02-01 16:59:44,1122,2.745,UBS Limited,Merrill Lynch International
2019-02-01 16:59:44,8878,2.745,Nordnet Bank AB,Merrill Lynch International
2019-02-01 16:59:44,184,2.745,Nordnet Bank AB,Automatically added by dbo
2019-02-01 16:59:44,10938,2.745,Nordnet Bank AB,Goldman Sachs International
2019-02-01 16:59:44,250,2.745,Spar Nord Bank A/S,Goldman Sachs International
2019-02-01 16:59:44,7494,2.745,Kepler Capital Markets,Goldman Sachs International
2019-02-01 16:59:44,2546,2.745,Kepler Capital Markets,Goldman Sachs International
2019-02-01 16:52:13,20536,2.765,Nordnet Bank AB,Nordnet Bank AB
2019-02-01 16:51:24,8000,2.765,Nordnet Bank AB,Nordnet Bank AB
2019-02-01 16:51:24,35334,2.765,Nordnet Bank AB,Nordnet Bank AB
2019-02-01 16:45:41,5500,2.765,Nordnet Bank AB,Nordnet Bank AB
2019-02-01 16:44:43,36166,2.765,Nordnet Bank AB,Nordnet Bank AB
2019-02-01 16:37:26,3400,2.75,Spar Nord Bank A/S,Nordnet Bank AB
2019-02-01 16:30:57,18020,2.76,Kepler Capital Markets,Merrill Lynch International
2019-02-01 16:30:56,24430,2.76,Kepler Capital Markets,Nordnet Bank AB
2019-02-01 16:30:56,63246,2.75,Kepler Capital Markets,Nordnet Bank AB
2019-02-01 16:26:57,540,2.75,Nordnet Bank AB,Nordnet Bank AB
2019-02-01 16:26:24,225,2.745,Jyske Bank A/S,J.P. Morgan Securities plc
2019-02-01 16:26:20,13383,2.75,Kepler Capital Markets,Nordnet Bank AB
2019-02-01 16:26:20,34772,2.75,Spar Nord Bank A/S,Nordnet Bank AB
2019-02-01 16:26:20,17059,2.75,Nordnet Bank AB,Nordnet Bank AB
2019-02-01 16:23:56,3941,2.75,Nordnet Bank AB,Sparekassen Kronjylland
2019-02-01 16:23:23,1000,2.76,Danske Bank A/S,Nordnet Bank AB
2019-02-01 16:22:14,4325,2.745,Jyske Bank A/S,Saxo Bank A/S
2019-02-01 16:18:29,220,2.74,Nordnet Bank AB,Nordnet Bank AB
2019-02-01 16:13:09,4000,2.74,Nordnet Bank AB,Nordnet Bank AB
2019-02-01 16:06:26,300,2.74,Nordnet Bank AB,Nordnet Bank AB
2019-02-01 16:04:34,5900,2.74,Nordnet Bank AB,Nordnet Bank AB
2019-02-01 16:02:52,3000,2.74,Nordnet Bank AB,Nordnet Bank AB
2019-02-01 16:02:24,1000,2.74,Nordnet Bank AB,Nordnet Bank AB
2019-02-01 16:00:49,5000,2.74,Nordnet Bank AB,Nordnet Bank AB
2019-02-01 16:00:16,7354,2.74,Kepler Capital Markets,Nordnet Bank AB
2019-02-01 16:00:16,9421,2.74,Nykredit Bank A/S,Nordnet Bank AB
2019-02-01 16:00:16,300,2.74,Nordnet Bank AB,Nordnet Bank AB
2019-02-01 16:00:16,7930,2.745,Kepler Capital Markets,Nordnet Bank AB
2019-02-01 16:00:16,20000,2.745,Nordnet Bank AB,Nordnet Bank AB
2019-02-01 15:58:42,6432,2.75,Merrill Lynch International,Spar Nord Bank A/S
2019-02-01 15:58:42,3340,2.75,Merrill Lynch International,Spar Nord Bank A/S
2019-02-01 15:48:31,1000,2.765,Nordnet Bank AB,Nordnet Bank AB
2019-02-01 15:41:24,5579,2.74,Nykredit Bank A/S,Nordnet Bank AB
2019-02-01 15:40:55,6857,2.75,Kepler Capital Markets,Nordnet Bank AB
2019-02-01 15:40:55,10000,2.75,Nordnet Bank AB,Nordnet Bank AB
2019-02-01 15:40:55,1000,2.75,Nordnet Bank AB,Nordnet Bank AB
2019-02-01 15:40:16,10761,2.76,Kepler Capital Markets,Nordnet Bank AB
2019-02-01 15:40:16,2000,2.76,Arbejdernes Landsbank A/S,Nordnet Bank AB
2019-02-01 15:40:16,1398,2.76,Kepler Capital Markets,Nordnet Bank AB
2019-02-01 15:39:52,7495,2.76,Kepler Capital Markets,Nordnet Bank AB
2019-02-01 15:39:52,505,2.76,Lån &amp; Spar Bank A/S,Nordnet Bank AB
2019-02-01 15:36:35,5823,2.76,Lån &amp; Spar Bank A/S,Merrill Lynch International
2019-02-01 15:36:35,905,2.76,Lån &amp; Spar Bank A/S,Saxo Bank A/S
2019-02-01 15:36:35,9215,2.76,Nordnet Bank AB,Saxo Bank A/S
2019-02-01 15:36:28,136,2.76,Nordnet Bank AB,Saxo Bank A/S
2019-02-01 15:36:28,2804,2.76,Kepler Capital Markets,Saxo Bank A/S
2019-02-01 15:31:32,150,2.77,Nordnet Bank AB,Nordnet Bank AB
2019-02-01 15:30:00,912,2.77,Merrill Lynch International,Nordnet Bank AB
2019-02-01 15:30:00,3304,2.77,Merrill Lynch International,Nordnet Bank AB
2019-02-01 15:30:00,3400,2.77,Danske Bank A/S,Nordnet Bank AB
2019-02-01 15:30:00,2000,2.77,Danske Bank A/S,Nordnet Bank AB
2019-02-01 15:30:00,400,2.77,Danske Bank A/S,Nordnet Bank AB
2019-02-01 15:30:00,4090,2.77,Danske Bank A/S,Nordnet Bank AB
2019-02-01 15:27:26,15,2.77,Avanza Bank AB,Nordnet Bank AB
2019-02-01 15:25:12,3599,2.77,Nykredit Bank A/S,Nordnet Bank AB
2019-02-01 15:22:39,6286,2.77,Kepler Capital Markets,Nordnet Bank AB
2019-02-01 15:22:38,36000,2.77,Sydbank A/S,Nordnet Bank AB
2019-02-01 15:22:10,150,2.77,Enskilda Securities AB,Nordnet Bank AB
2019-02-01 15:17:52,361,2.77,Sydbank A/S,Nordnet Bank AB
2019-02-01 15:10:19,1083,2.77,Sydbank A/S,Nordnet Bank AB
2019-02-01 15:09:34,5207,2.76,Kepler Capital Markets,Danske Bank A/S
2019-02-01 15:01:32,791,2.77,Nordnet Bank AB,Nordnet Bank AB
2019-02-01 15:00:37,525,2.76,Nordnet Bank AB,Nordnet Bank AB
2019-02-01 15:00:37,4475,2.76,Nordnet Bank AB,Nordnet Bank AB
2019-02-01 14:56:40,2500,2.76,Nordnet Bank AB,Saxo Bank A/S
2019-02-01 14:54:20,1100,2.77,Nordnet Bank AB,Nordnet Bank AB
2019-02-01 14:50:10,5165,2.77,Nordea Bank Denmark,Nordnet Bank AB
2019-02-01 14:50:10,1335,2.77,Nordea Bank Denmark,Nordnet Bank AB
2019-02-01 14:48:59,235,2.77,Nordnet Bank AB,Nordnet Bank AB
2019-02-01 14:47:08,230,2.77,Nordnet Bank AB,Nordnet Bank AB
2019-02-01 14:44:57,525,2.76,Nordnet Bank AB,Nordnet Bank AB
2019-02-01 14:43:06,50,2.77,Nordnet Bank AB,Nordnet Bank AB
2019-02-01 14:39:06,10747,2.77,Kepler Capital Markets,Nordnet Bank AB
2019-02-01 14:39:06,1142,2.77,Merrill Lynch International,Nordnet Bank AB
2019-02-01 14:39:06,696,2.77,Merrill Lynch International,Nordnet Bank AB
2019-02-01 14:39:06,7200,2.77,Nordnet Bank AB,Nordnet Bank AB
2019-02-01 14:30:13,2000,2.76,Nordnet Bank AB,Nordea Bank Denmark
2019-02-01 14:25:16,500,2.76,Nordnet Bank AB,Nordnet Bank AB
2019-02-01 14:25:05,759,2.77,Nordnet Bank AB,Nordnet Bank AB
2019-02-01 14:21:44,5000,2.76,Nordnet Bank AB,Danske Bank A/S
2019-02-01 14:21:20,210,2.77,Nordnet Bank AB,Nordnet Bank AB
2019-02-01 14:18:48,2800,2.77,Spar Nord Bank A/S,Nordnet Bank AB
2019-02-01 14:08:43,175,2.77,Nordnet Bank AB,Nordnet Bank AB
2019-02-01 13:57:42,100,2.77,Nordnet Bank AB,Nordnet Bank AB
2019-02-01 13:56:54,5000,2.77,Nordnet Bank AB,Nordnet Bank AB
2019-02-01 13:48:55,500,2.77,Nykredit Bank A/S,Nordnet Bank AB
2019-02-01 13:47:10,9500,2.76,Nordnet Bank AB,Danske Bank A/S
2019-02-01 13:46:23,400,2.76,Nordnet Bank AB,Saxo Bank A/S
2019-02-01 13:38:30,7209,2.77,Danske Bank A/S,Nordnet Bank AB
2019-02-01 13:37:31,400,2.77,Saxo Bank A/S,Nordnet Bank AB
2019-02-01 13:35:23,3692,2.765,Morgan Stanley &amp; Co. Internat. Ltd,Nordnet Bank AB
2019-02-01 13:35:09,10800,2.765,Morgan Stanley &amp; Co. Internat. Ltd,J.P. Morgan Securities plc
2019-02-01 13:27:28,10000,2.76,Kepler Capital Markets,Danske Bank A/S
2019-02-01 13:21:35,14709,2.77,Kepler Capital Markets,Nordnet Bank AB
2019-02-01 13:21:35,3000,2.77,Nordnet Bank AB,Nordnet Bank AB
2019-02-01 13:14:50,1794,2.77,Danske Bank A/S,Nordnet Bank AB
2019-02-01 13:13:48,8404,2.76,Kepler Capital Markets,Nordea Bank Denmark
2019-02-01 13:13:48,7596,2.76,Nordnet Bank AB,Nordea Bank Denmark
2019-02-01 13:09:58,3500,2.77,Nordea Bank Denmark,Nordnet Bank AB
2019-02-01 13:05:30,5000,2.76,Nordnet Bank AB,Danske Bank A/S
2019-02-01 13:05:20,550,2.775,Nordnet Bank AB,Nordnet Bank AB
2019-02-01 13:02:16,1809,2.76,Nordnet Bank AB,Danske Bank A/S
2019-02-01 13:00:28,5435,2.775,Nordnet Bank AB,Nordnet Bank AB
2019-02-01 13:00:11,2565,2.775,Nordnet Bank AB,Merrill Lynch International
2019-02-01 12:51:11,8894,2.76,Kepler Capital Markets,Nordnet Bank AB
2019-02-01 12:51:11,6592,2.76,Sydbank A/S,Nordnet Bank AB
2019-02-01 12:51:11,30000,2.76,Nordnet Bank AB,Nordnet Bank AB
2019-02-01 12:51:11,6522,2.76,Nordnet Bank AB,Nordnet Bank AB
2019-02-01 12:45:31,3566,2.78,Danske Bank A/S,Danske Bank A/S
2019-02-01 12:45:31,20,2.78,Danske Bank A/S,Danske Bank A/S
2019-02-01 12:44:28,20000,2.775,Nordea Bank Denmark,Nordnet Bank AB
2019-02-01 12:44:28,10900,2.775,Nordea Bank Denmark,Nordnet Bank AB
2019-02-01 12:44:28,7500,2.775,Nordea Bank Denmark,Nordnet Bank AB
2019-02-01 12:44:28,1440,2.775,Nordea Bank Denmark,Saxo Bank A/S
2019-02-01 12:44:28,5026,2.775,Nordea Bank Denmark,Nordnet Bank AB
2019-02-01 12:44:28,757,2.775,Nordea Bank Denmark,Nordea Bank Denmark
2019-02-01 12:44:28,45,2.77,Nordea Bank Denmark,Sparekassen Kronjylland
2019-02-01 12:43:06,7000,2.76,Sydbank A/S,Spar Nord Bank A/S
2019-02-01 12:41:59,796,2.77,Nordnet Bank AB,Sparekassen Kronjylland
2019-02-01 12:39:55,328,2.77,Nordnet Bank AB,Sparekassen Kronjylland
2019-02-01 12:31:17,1500,2.77,Svenska Handelsbanken AB,Sparekassen Kronjylland
2019-02-01 12:28:22,400,2.76,Nordnet Bank AB,Nordnet Bank AB
2019-02-01 12:26:59,23,2.765,Nordnet Bank AB,Danske Bank A/S
2019-02-01 12:23:26,30,2.77,Nordnet Bank AB,Sparekassen Kronjylland
2019-02-01 12:11:36,7419,2.765,Kepler Capital Markets,Arbejdernes Landsbank A/S
2019-02-01 12:11:36,7500,2.765,Sparekassen Kronjylland,Arbejdernes Landsbank A/S
2019-02-01 12:11:36,6800,2.765,Sparekassen Kronjylland,Arbejdernes Landsbank A/S
2019-02-01 12:01:24,700,2.765,Sparekassen Kronjylland,Nordnet Bank AB
2019-02-01 11:36:34,2000,2.775,Enskilda Securities AB,Nordnet Bank AB
2019-02-01 11:30:57,1000,2.775,Danske Bank A/S,Nordnet Bank AB
2019-02-01 11:18:38,1974,2.775,Saxo Bank A/S,Nordnet Bank AB
2019-02-01 11:18:38,26,2.775,Saxo Bank A/S,Nordnet Bank AB
2019-02-01 11:18:38,500,2.765,Saxo Bank A/S,Nordnet Bank AB
2019-02-01 11:18:25,1000,2.765,Nordnet Bank AB,Nordnet Bank AB
2019-02-01 11:15:19,530,2.775,Danske Bank A/S,Nordnet Bank AB
2019-02-01 11:10:08,350,2.775,Nordnet Bank AB,Nordnet Bank AB
2019-02-01 11:09:53,5394,2.775,Danske Bank A/S,Nordnet Bank AB
2019-02-01 11:09:11,1178,2.77,Nordnet Bank AB,Spar Nord Bank A/S
2019-02-01 11:09:11,7218,2.77,Kepler Capital Markets,Spar Nord Bank A/S
2019-02-01 11:09:11,10000,2.77,Nordnet Bank AB,Spar Nord Bank A/S
2019-02-01 11:09:11,1604,2.77,Kepler Capital Markets,Spar Nord Bank A/S
2019-02-01 11:08:02,5332,2.77,Kepler Capital Markets,Merrill Lynch International
2019-02-01 11:08:02,5600,2.77,Nordnet Bank AB,Nordnet Bank AB
2019-02-01 11:08:02,10000,2.77,Nordnet Bank AB,Nordnet Bank AB
2019-02-01 11:05:02,3700,2.775,Sparekassen Kronjylland,Nordnet Bank AB
2019-02-01 11:04:43,4671,2.77,Kepler Capital Markets,Merrill Lynch International
2019-02-01 11:04:43,10000,2.77,Kepler Capital Markets,Danske Bank A/S
2019-02-01 11:04:43,10000,2.77,Nordnet Bank AB,Danske Bank A/S
2019-02-01 11:04:08,3642,2.78,Nordnet Bank AB,Nordnet Bank AB
2019-02-01 11:04:08,3458,2.78,Nordnet Bank AB,Nordnet Bank AB
2019-02-01 10:54:51,9042,2.78,Kepler Capital Markets,Nordnet Bank AB
2019-02-01 10:54:51,4000,2.78,Kepler Capital Markets,Nykredit Bank A/S
2019-02-01 10:54:51,9977,2.78,Kepler Capital Markets,Saxo Bank A/S
2019-02-01 10:54:50,23140,2.78,Jyske Bank A/S,Saxo Bank A/S
2019-02-01 10:54:50,81000,2.77,Jyske Bank A/S,Nordnet Bank AB
2019-02-01 10:54:50,19790,2.77,Jyske Bank A/S,Nordnet Bank AB
2019-02-01 10:54:50,16070,2.77,Jyske Bank A/S,Nykredit Bank A/S
2019-02-01 10:53:53,2430,2.77,Svenska Handelsbanken AB,Nykredit Bank A/S
2019-02-01 10:47:16,220,2.77,Nordnet Bank AB,Nordnet Bank AB
2019-02-01 10:47:16,630,2.77,Nordnet Bank AB,Nordnet Bank AB
2019-02-01 10:45:21,1700,2.77,Nordnet Bank AB,Nordnet Bank AB
2019-02-01 10:43:19,500,2.77,Nordnet Bank AB,Nordnet Bank AB
2019-02-01 10:36:32,170,2.77,Nordnet Bank AB,Nordnet Bank AB
2019-02-01 10:35:48,4408,2.76,Sydbank A/S,Avanza Bank AB
2019-02-01 10:34:22,415,2.76,Saxo Bank A/S,Avanza Bank AB
2019-02-01 10:32:41,10,2.75,Nordnet Bank AB,Nordnet Bank AB
2019-02-01 10:32:07,915,2.75,Kepler Capital Markets,Sparekassen Kronjylland
2019-02-01 10:32:07,8198,2.75,Danske Bank A/S,Sparekassen Kronjylland
2019-02-01 10:23:10,9077,2.76,Nordnet Bank AB,Avanza Bank AB
2019-02-01 10:20:08,1100,2.76,Nordnet Bank AB,Avanza Bank AB
2019-02-01 10:10:20,5923,2.76,Nordnet Bank AB,Svenska Handelsbanken AB
2019-02-01 10:10:20,1000,2.76,Nordnet Bank AB,Svenska Handelsbanken AB
2019-02-01 10:10:20,8166,2.76,Kepler Capital Markets,Svenska Handelsbanken AB
2019-02-01 10:10:20,4062,2.76,Nordnet Bank AB,Svenska Handelsbanken AB
2019-02-01 10:10:20,370,2.76,Saxo Bank A/S,Svenska Handelsbanken AB
2019-02-01 10:10:20,1479,2.76,Saxo Bank A/S,Svenska Handelsbanken AB
2019-02-01 10:06:48,200,2.77,Nordnet Bank AB,Nordnet Bank AB
2019-02-01 10:05:57,1500,2.77,Nordnet Bank AB,Nykredit Bank A/S
2019-02-01 10:05:45,740,2.78,Nordnet Bank AB,Saxo Bank A/S
2019-02-01 10:03:58,888,2.78,Nordnet Bank AB,Saxo Bank A/S
2019-02-01 10:01:43,938,2.76,Nordnet Bank AB,Nordnet Bank AB
2019-02-01 10:01:43,700,2.76,Nordnet Bank AB,Nordnet Bank AB
2019-02-01 09:59:51,100,2.77,Nordnet Bank AB,Nordnet Bank AB
2019-02-01 09:59:42,6262,2.77,Kepler Capital Markets,Nordnet Bank AB
2019-02-01 09:59:42,2863,2.77,Kepler Capital Markets,Nordnet Bank AB
2019-02-01 09:59:42,94,2.765,Kepler Capital Markets,J.P. Morgan Securities plc
2019-02-01 09:59:42,9000,2.765,Sydbank A/S,J.P. Morgan Securities plc
2019-02-01 09:59:42,60,2.765,Nordnet Bank AB,J.P. Morgan Securities plc
2019-02-01 09:59:42,29,2.765,Nordnet Bank AB,J.P. Morgan Securities plc
2019-02-01 09:59:42,100,2.765,Nordnet Bank AB,J.P. Morgan Securities plc
2019-02-01 09:59:42,17,2.765,Nordnet Bank AB,J.P. Morgan Securities plc
2019-02-01 09:59:42,500,2.765,Nordnet Bank AB,J.P. Morgan Securities plc
2019-02-01 09:59:42,10000,2.765,Danske Bank A/S,J.P. Morgan Securities plc
2019-02-01 09:55:56,100,2.77,Nordnet Bank AB,Nordnet Bank AB
2019-02-01 09:54:52,2500,2.77,Jyske Bank A/S,Nordnet Bank AB
2019-02-01 09:54:52,6904,2.77,Kepler Capital Markets,Nordnet Bank AB
2019-02-01 09:54:52,2383,2.77,Kepler Capital Markets,Nordnet Bank AB
2019-02-01 09:54:52,3000,2.77,Nordnet Bank AB,Nordnet Bank AB
2019-02-01 09:54:52,1000,2.77,Nordnet Bank AB,Nordnet Bank AB
2019-02-01 09:54:52,6250,2.77,Nordnet Bank AB,Nordnet Bank AB
2019-02-01 09:48:45,2000,2.78,Nordnet Bank AB,Saxo Bank A/S
2019-02-01 09:46:45,3550,2.78,Spar Nord Bank A/S,Saxo Bank A/S
2019-02-01 09:45:40,3700,2.775,Lån &amp; Spar Bank A/S,J.P. Morgan Securities plc
2019-02-01 09:45:29,900,2.78,Saxo Bank A/S,Saxo Bank A/S
2019-02-01 09:45:15,13300,2.775,Lån &amp; Spar Bank A/S,J.P. Morgan Securities plc
2019-02-01 09:43:05,3500,2.78,Nordnet Bank AB,Saxo Bank A/S
2019-02-01 09:42:31,1400,2.78,Nordnet Bank AB,Saxo Bank A/S
2019-02-01 09:41:46,250,2.77,Nordnet Bank AB,Nordnet Bank AB
2019-02-01 09:39:07,10000,2.78,Spar Nord Bank A/S,Saxo Bank A/S
2019-02-01 09:37:45,500,2.78,Nordnet Bank AB,Saxo Bank A/S
2019-02-01 09:37:04,400,2.78,Saxo Bank A/S,Saxo Bank A/S
2019-02-01 09:35:19,11210,2.77,Kepler Capital Markets,Svenska Handelsbanken AB
2019-02-01 09:34:10,3005,2.78,Saxo Bank A/S,Saxo Bank A/S
2019-02-01 09:34:10,10995,2.78,Saxo Bank A/S,Saxo Bank A/S
2019-02-01 09:33:23,2500,2.775,Saxo Bank A/S,J.P. Morgan Securities plc
2019-02-01 09:30:06,1000,2.78,Nordnet Bank AB,Saxo Bank A/S
2019-02-01 09:29:54,3586,2.78,Arbejdernes Landsbank A/S,Saxo Bank A/S
2019-02-01 09:26:12,8294,2.78,Kepler Capital Markets,Saxo Bank A/S
2019-02-01 09:25:10,420,2.78,Nordnet Bank AB,Saxo Bank A/S
2019-02-01 09:23:49,26,2.78,Nordnet Bank AB,Saxo Bank A/S
2019-02-01 09:21:49,12679,2.78,Nykredit Bank A/S,Saxo Bank A/S
2019-02-01 09:21:49,4536,2.775,Nykredit Bank A/S,Morgan Stanley &amp; Co. Internat. Ltd
2019-02-01 09:19:04,3500,2.775,Nordnet Bank AB,Morgan Stanley &amp; Co. Internat. Ltd
2019-02-01 09:17:56,6511,2.775,Kepler Capital Markets,Nordnet Bank AB
2019-02-01 09:17:56,8850,2.775,Saxo Bank A/S,Nordnet Bank AB
2019-02-01 09:17:48,10500,2.775,Nordnet Bank AB,Nordnet Bank AB
2019-02-01 09:17:38,15000,2.775,Nordnet Bank AB,Nordnet Bank AB
2019-02-01 09:14:50,10000,2.775,Nordnet Bank AB,Nordnet Bank AB
2019-02-01 09:14:30,90,2.775,Nordnet Bank AB,Nordnet Bank AB
2019-02-01 09:14:15,7254,2.775,Kepler Capital Markets,Nordnet Bank AB
2019-02-01 09:14:14,13043,2.77,Morgan Stanley &amp; Co. Internat. Ltd,Nordnet Bank AB
2019-02-01 09:13:54,30000,2.77,Morgan Stanley &amp; Co. Internat. Ltd,Nordnet Bank AB
2019-02-01 09:13:54,6957,2.77,Nordnet Bank AB,Nordnet Bank AB
2019-02-01 09:12:06,300,2.775,Nordnet Bank AB,Nordnet Bank AB
2019-02-01 09:11:03,3500,2.775,Nordnet Bank AB,Nordnet Bank AB
2019-02-01 09:10:20,200,2.775,Nordnet Bank AB,Nordnet Bank AB
2019-02-01 09:09:44,25,2.775,Nordnet Bank AB,Nordnet Bank AB
2019-02-01 09:09:29,3118,2.77,Nordnet Bank AB,J.P. Morgan Securities plc
2019-02-01 09:09:29,11982,2.77,Kepler Capital Markets,J.P. Morgan Securities plc
2019-02-01 09:09:29,3500,2.77,Sydbank A/S,J.P. Morgan Securities plc
2019-02-01 09:06:15,6692,2.775,Kepler Capital Markets,Nordnet Bank AB
2019-02-01 09:06:14,974,2.775,Merrill Lynch International,Nordnet Bank AB
2019-02-01 09:06:14,5104,2.775,Merrill Lynch International,Nordnet Bank AB
2019-02-01 09:06:14,25000,2.775,Nordnet Bank AB,Nordnet Bank AB
2019-02-01 09:05:00,3922,2.77,Merrill Lynch International,Sydbank A/S
2019-02-01 09:05:00,200,2.77,Nordnet Bank AB,Sydbank A/S
2019-02-01 09:03:12,2500,2.77,Nordnet Bank AB,Sydbank A/S
2019-02-01 09:02:50,551,2.77,Arbejdernes Landsbank A/S,Sydbank A/S
2019-02-01 09:02:50,1243,2.77,Arbejdernes Landsbank A/S,Nordnet Bank AB
2019-02-01 09:01:44,1800,2.77,Nordnet Bank AB,Nordnet Bank AB
2019-02-01 09:00:59,2000,2.77,Nordnet Bank AB,Nordnet Bank AB
2019-02-01 09:00:02,418,2.77,Lån &amp; Spar Bank A/S,Nordnet Bank AB
2019-02-01 09:00:02,1727,2.77,Morgan Stanley &amp; Co. Internat. Ltd,Nordnet Bank AB
2019-02-01 09:00:02,5000,2.77,Nordnet Bank AB,Nordnet Bank AB
2019-02-01 09:00:02,400,2.77,Saxo Bank A/S,Nordnet Bank AB
2019-02-01 09:00:02,2285,2.77,Danske Bank A/S,Nordnet Bank AB
2019-02-01 09:00:02,532,2.77,Danske Bank A/S,Nordnet Bank AB
2019-02-01 09:00:02,242,2.77,Danske Bank A/S,Nordnet Bank AB
2019-02-01 09:00:02,79,2.77,Danske Bank A/S,Nordnet Bank AB
2019-02-01 09:00:02,1788,2.77,Kepler Capital Markets,Nordnet Bank AB
2019-02-01 09:00:02,5920,2.77,Kepler Capital Markets,Nordnet Bank AB
2019-02-01 09:00:02,1566,2.77,Jyske Bank A/S,Nordnet Bank AB
2019-02-01 09:00:02,700,2.77,Jyske Bank A/S,Nordnet Bank AB
2019-02-01 09:00:02,6413,2.77,Jyske Bank A/S,Nordnet Bank AB
2019-02-01 09:00:02,361,2.77,Jyske Bank A/S,Nordnet Bank AB
2019-02-01 09:00:02,476,2.77,Svenska Handelsbanken AB,Nordnet Bank AB
2019-02-01 09:00:02,6740,2.77,Svenska Handelsbanken AB,Nordnet Bank AB
2019-02-01 09:00:02,2060,2.77,Nykredit Bank A/S,Nordnet Bank AB
